
@ARTICLE{ren18,
   author = {{Ren}, B. and {Pueyo}, L. and {Zhu}, G.~B. and {Debes}, J. and 
	{Duch{\^e}ne}, G.},
    title = "{Non-negative Matrix Factorization: Robust Extraction of Extended Structures}",
  journal = {\apj},
archivePrefix = "arXiv",
   eprint = {1712.10317},
 primaryClass = "astro-ph.IM",
 keywords = {protoplanetary disks, stars: imaging, stars: individual: HD 181327, techniques: image processing },
     year = 2018,
    month = jan,
   volume = 852,
      eid = {104},
    pages = {104},
      doi = {10.3847/1538-4357/aaa1f2},
   adsurl = {http://adsabs.harvard.edu/abs/2018ApJ...852..104R},
  adsnote = {Provided by the SAO/NASA Astrophysics Data System}
}


@INPROCEEDINGS{ren17,
author = {{Ren}, {B}. and {Pueyo}, L. and {Perrin}, M.~D. and {Debes}, J.~H. and {Choquet}, \'E},
title = {Post-processing of the HST STIS coronagraphic observations},
booktitle={Techniques and Instrumentation for Detection of Exoplanets VIII},
series = {\procspie},
volume = {10400},
number = {},
pages = {1040021},
year = {2017},
doi = {10.1117/12.2274163},
URL = {http://dx.doi.org/10.1117/12.2274163},
eprint = {}
}

