@ARTICLE{astropy13,
   author = {{Astropy Collaboration} and {Robitaille}, T.~P. and {Tollerud}, E.~J. and 
	{Greenfield}, P. and {Droettboom}, M. and {Bray}, E. and {Aldcroft}, T. and 
	{Davis}, M. and {Ginsburg}, A. and {Price-Whelan}, A.~M. and 
	{Kerzendorf}, W.~E. and {Conley}, A. and {Crighton}, N. and 
	{Barbary}, K. and {Muna}, D. and {Ferguson}, H. and {Grollier}, F. and 
	{Parikh}, M.~M. and {Nair}, P.~H. and {Unther}, H.~M. and {Deil}, C. and 
	{Woillez}, J. and {Conseil}, S. and {Kramer}, R. and {Turner}, J.~E.~H. and 
	{Singer}, L. and {Fox}, R. and {Weaver}, B.~A. and {Zabalza}, V. and 
	{Edwards}, Z.~I. and {Azalee Bostroem}, K. and {Burke}, D.~J. and 
	{Casey}, A.~R. and {Crawford}, S.~M. and {Dencheva}, N. and 
	{Ely}, J. and {Jenness}, T. and {Labrie}, K. and {Lim}, P.~L. and 
	{Pierfederici}, F. and {Pontzen}, A. and {Ptak}, A. and {Refsdal}, B. and 
	{Servillat}, M. and {Streicher}, O.},
    title = "{Astropy: A community Python package for astronomy}",
  journal = {\aap},
archivePrefix = "arXiv",
   eprint = {1307.6212},
 primaryClass = "astro-ph.IM",
 keywords = {methods: data analysis, methods: miscellaneous, virtual observatory tools},
     year = 2013,
    month = oct,
   volume = 558,
      eid = {A33},
    pages = {A33},
      doi = {10.1051/0004-6361/201322068},
   adsurl = {http://adsabs.harvard.edu/abs/2013A%26A...558A..33A},
  adsnote = {Provided by the SAO/NASA Astrophysics Data System}
}

@ARTICLE{bae18,
   author = {{Bae}, J. and {Zhu}, Z.},
    title = "{Planet-driven Spiral Arms in Protoplanetary Disks. II. Implications}",
  journal = {\apj},
archivePrefix = "arXiv",
   eprint = {1711.08166},
 primaryClass = "astro-ph.EP",
 keywords = {hydrodynamics, planet{\ndash}disk interaction, stars: individual: Elias 2-27, MWC 758, waves},
     year = 2018,
    month = jun,
   volume = 859,
      eid = {119},
    pages = {119},
      doi = {10.3847/1538-4357/aabf93},
   adsurl = {http://adsabs.harvard.edu/abs/2018ApJ...859..119B},
  adsnote = {Provided by the SAO/NASA Astrophysics Data System}
}

@ARTICLE{ren14,
   author = {{Ren}, B. and {Fang}, T. and {Buote}, D.~A.},
    title = "{X-Ray Absorption by the Warm-hot Intergalactic Medium in the Hercules Supercluster}",
  journal = {\apjl},
archivePrefix = "arXiv",
   eprint = {1401.2221},
 keywords = {BL Lacertae objects: individual: Markarian 501, cosmology: observations, diffuse radiation, X-rays: diffuse background, X-rays: galaxies: clusters},
     year = 2014,
    month = feb,
   volume = 782,
      eid = {L6},
    pages = {L6},
      doi = {10.1088/2041-8205/782/1/L6},
   adsurl = {http://adsabs.harvard.edu/abs/2014ApJ...782L...6R},
  adsnote = {Provided by the SAO/NASA Astrophysics Data System}
}


@ARTICLE{siess00,
   author = {{Siess}, L. and {Dufour}, E. and {Forestini}, M.},
    title = "{An internet server for pre-main sequence tracks of low- and intermediate-mass stars}",
  journal = {\aap},
   eprint = {astro-ph/0003477},
 keywords = {EQUATION OF STATE, STARS: EVOLUTION, STARS: HERTZSPRUNG-RUSSEL (HR) AND C-M DIAGRAMS, STARS: PRE-MAIN SEQUENCE, ASTRONOMICAL DATA BASES: MISCELLANEOUS},
     year = 2000,
    month = jun,
   volume = 358,
    pages = {593-599},
   adsurl = {http://adsabs.harvard.edu/abs/2000A%26A...358..593S},
  adsnote = {Provided by the SAO/NASA Astrophysics Data System}
}

@ARTICLE{vanderMarel16,
   author = {{van der Marel}, N. and {Verhaar}, B.~W. and {van Terwisga}, S. and 
	{Mer{\'{\i}}n}, B. and {Herczeg}, G. and {Ligterink}, N.~F.~W. and 
	{van Dishoeck}, E.~F.},
    title = "{The (w)hole survey: An unbiased sample study of transition disk candidates based on Spitzer catalogs}",
  journal = {\aap},
archivePrefix = "arXiv",
   eprint = {1603.07255},
 primaryClass = "astro-ph.EP",
 keywords = {protoplanetary disks, planets and satellites: formation, planet-disk interactions},
     year = 2016,
    month = aug,
   volume = 592,
      eid = {A126},
    pages = {A126},
      doi = {10.1051/0004-6361/201628075},
   adsurl = {http://adsabs.harvard.edu/abs/2016A%26A...592A.126V},
  adsnote = {Provided by the SAO/NASA Astrophysics Data System}
}




@ARTICLE{hagan18,
   author = {{Hagan}, J.~B. and {Choquet}, {\'E}. and {Soummer}, R. and {Vigan}, A.
	},
    title = "{ALICE Data Release: A Revaluation of HST-NICMOS Coronagraphic Images}",
  journal = {\aj},
archivePrefix = "arXiv",
   eprint = {1802.07754},
 primaryClass = "astro-ph.EP",
 keywords = {catalogs, methods: data analysis, techniques: image processing },
     year = 2018,
    month = apr,
   volume = 155,
      eid = {179},
    pages = {179},
      doi = {10.3847/1538-3881/aab14b},
   adsurl = {http://adsabs.harvard.edu/abs/2018AJ....155..179H},
  adsnote = {Provided by the SAO/NASA Astrophysics Data System}
}


@ARTICLE{ren19sub,
   author = {{Ren}, B. and others},
    title = "{Multi-wavelength Scattered Light Imaging of the HD 191089 Debris Disk: An Exo{\ndash}Kuiper Belt with An Extended Halo}",
 year = 2019,
journal = "\apj\ (submitted)"
}


@ARTICLE{riess14,
   author = {{Riess}, A.~G. and {Casertano}, S. and {Anderson}, J. and {MacKenty}, J. and 
	{Filippenko}, A.~V.},
    title = "{Parallax beyond a Kiloparsec from Spatially Scanning the Wide Field Camera 3 on the Hubble Space Telescope}",
  journal = {\apj},
archivePrefix = "arXiv",
   eprint = {1401.0484},
 primaryClass = "astro-ph.IM",
 keywords = {cosmology: observations, distance scale, galaxies: distances and redshifts},
     year = 2014,
    month = apr,
   volume = 785,
      eid = {161},
    pages = {161},
      doi = {10.1088/0004-637X/785/2/161},
   adsurl = {http://adsabs.harvard.edu/abs/2014ApJ...785..161R},
  adsnote = {Provided by the SAO/NASA Astrophysics Data System}
}


@ARTICLE{mouillet01,
   author = {{Mouillet}, D. and {Lagrange}, A.~M. and {Augereau}, J.~C. and 
	{M{\'e}nard}, F.},
    title = "{Asymmetries in the HD 141569 circumstellar disk}",
  journal = {\aap},
 keywords = {STARS: CIRCUMSTELLAR MATTER, STARS: HD 141569, BETA PICTORIS, PLANETARY FORMATION, CIRCUMSTELLAR DISKS, YOUNG STARS},
     year = 2001,
    month = jun,
   volume = 372,
    pages = {L61-L64},
      doi = {10.1051/0004-6361:20010660},
   adsurl = {http://adsabs.harvard.edu/abs/2001A%26A...372L..61M},
  adsnote = {Provided by the SAO/NASA Astrophysics Data System}
}

@ARTICLE{clampin03,
   author = {{Clampin}, M. and {Krist}, J.~E. and {Ardila}, D.~R. and {Golimowski}, D.~A. and 
	{Hartig}, G.~F. and {Ford}, H.~C. and {Illingworth}, G.~D. and 
	{Bartko}, F. and {Ben{\'{\i}}tez}, N. and {Blakeslee}, J.~P. and 
	{Bouwens}, R.~J. and {Broadhurst}, T.~J. and {Brown}, R.~A. and 
	{Burrows}, C.~J. and {Cheng}, E.~S. and {Cross}, N.~J.~G. and 
	{Feldman}, P.~D. and {Franx}, M. and {Gronwall}, C. and {Infante}, L. and 
	{Kimble}, R.~A. and {Lesser}, M.~P. and {Martel}, A.~R. and 
	{Menanteau}, F. and {Meurer}, G.~R. and {Miley}, G.~K. and {Postman}, M. and 
	{Rosati}, P. and {Sirianni}, M. and {Sparks}, W.~B. and {Tran}, H.~D. and 
	{Tsvetanov}, Z.~I. and {White}, R.~L. and {Zheng}, W.},
    title = "{Hubble Space Telescope ACS Coronagraphic Imaging of the Circumstellar Disk around HD 141569A}",
  journal = {\aj},
   eprint = {astro-ph/0303605},
 keywords = {Stars: Circumstellar Matter, stars: individual (HD 141569A), Stars: Pre-Main-Sequence},
     year = 2003,
    month = jul,
   volume = 126,
    pages = {385-392},
      doi = {10.1086/375460},
   adsurl = {http://adsabs.harvard.edu/abs/2003AJ....126..385C},
  adsnote = {Provided by the SAO/NASA Astrophysics Data System}
}


@ARTICLE{wagner18,
   author = {{Wagner}, K. and {Dong}, R. and {Sheehan}, P. and {Apai}, D. and 
	{Kasper}, M. and {McClure}, M. and {Morzinski}, K.~M. and {Close}, L. and 
	{Males}, J. and {Hinz}, P. and {Quanz}, S.~P. and {Fung}, J.
	},
    title = "{The Orbit of the Companion to HD 100453A: Binary-driven Spiral Arms in a Protoplanetary Disk}",
  journal = {\apj},
archivePrefix = "arXiv",
   eprint = {1801.03900},
 primaryClass = "astro-ph.SR",
 keywords = {binaries: visual, planet{\ndash}disk interactions, protoplanetary disks, stars: individual: HD 100453, techniques: high angular resolution},
     year = 2018,
    month = feb,
   volume = 854,
      eid = {130},
    pages = {130},
      doi = {10.3847/1538-4357/aaa767},
   adsurl = {http://adsabs.harvard.edu/abs/2018ApJ...854..130W},
  adsnote = {Provided by the SAO/NASA Astrophysics Data System}
}



@book{agresti2003categorical,
  title={Categorical Data Analysis},
  author={Agresti, Alan},
  isbn={9780471458760},
  lccn={2002068982},
  series={Wiley Series in Probability and Statistics},
  url={https://books.google.com/books?id=hpEzw4T0sPUC},
    doi = {10.1002/0471249688},
    year={2003},
  publisher={Wiley}
}



@ARTICLE{vargasCatalan16,
   author = {{Vargas Catal{\'a}n}, E. and {Huby}, E. and {Forsberg}, P. and 
	{Jolivet}, A. and {Baudoz}, P. and {Carlomagno}, B. and {Delacroix}, C. and 
	{Habraken}, S. and {Mawet}, D. and {Surdej}, J. and {Absil}, O. and 
	{Karlsson}, M.},
    title = "{Optimizing the subwavelength grating of L-band annular groove phase masks for high coronagraphic performance}",
  journal = {\aap},
archivePrefix = "arXiv",
   eprint = {1610.05065},
 primaryClass = "astro-ph.IM",
 keywords = {instrumentation: high angular resolution, planetary systems, planets and satellites: detection},
     year = 2016,
    month = nov,
   volume = 595,
      eid = {A127},
    pages = {A127},
      doi = {10.1051/0004-6361/201628739},
   adsurl = {http://adsabs.harvard.edu/abs/2016A%26A...595A.127V},
  adsnote = {Provided by the SAO/NASA Astrophysics Data System}
}

@ARTICLE{huby15,
   author = {{Huby}, E. and {Baudoz}, P. and {Mawet}, D. and {Absil}, O.},
    title = "{Post-coronagraphic tip-tilt sensing for vortex phase masks: The QACITS technique}",
  journal = {\aap},
archivePrefix = "arXiv",
   eprint = {1509.06158},
 primaryClass = "astro-ph.IM",
 keywords = {techniques: high angular resolution, methods: analytical, methods: numerical},
     year = 2015,
    month = dec,
   volume = 584,
      eid = {A74},
    pages = {A74},
      doi = {10.1051/0004-6361/201527102},
   adsurl = {http://adsabs.harvard.edu/abs/2015A%26A...584A..74H},
  adsnote = {Provided by the SAO/NASA Astrophysics Data System}
}



@ARTICLE{huby17,
   author = {{Huby}, E. and {Bottom}, M. and {Femenia}, B. and {Ngo}, H. and 
	{Mawet}, D. and {Serabyn}, E. and {Absil}, O.},
    title = "{On-sky performance of the QACITS pointing control technique with the Keck/NIRC2 vortex coronagraph}",
  journal = {\aap},
archivePrefix = "arXiv",
   eprint = {1701.06397},
 primaryClass = "astro-ph.IM",
 keywords = {instrumentation: adaptive optics, techniques: high angular resolution, methods: observational},
     year = 2017,
    month = apr,
   volume = 600,
      eid = {A46},
    pages = {A46},
      doi = {10.1051/0004-6361/201630232},
   adsurl = {http://adsabs.harvard.edu/abs/2017A%26A...600A..46H},
  adsnote = {Provided by the SAO/NASA Astrophysics Data System}
}

@INPROCEEDINGS{ren17,
   author = {{Ren}, B. and {Pueyo}, L. and {Perrin}, M.~D. and {Debes}, J.~H. and 
	{Choquet}, {\'E}.},
    title = "{Post-processing of the HST STIS coronagraphic observations}",
booktitle = {Society of Photo-Optical Instrumentation Engineers (SPIE) Conference Series},
     year = 2017,
   series = {Society of Photo-Optical Instrumentation Engineers (SPIE) Conference Series},
   volume = 10400,
archivePrefix = "arXiv",
   eprint = {1709.10125},
 primaryClass = "astro-ph.IM",
    month = sep,
      eid = {1040021},
    pages = {1040021},
      doi = {10.1117/12.2274163},
   adsurl = {http://adsabs.harvard.edu/abs/2017SPIE10400E..21R},
  adsnote = {Provided by the SAO/NASA Astrophysics Data System}
}

@ARTICLE{choquet18,
   author = {{Choquet}, {\'E}. and {Bryden}, G. and {Perrin}, M.~D. and {Soummer}, R. and 
	{Augereau}, J.-C. and {Chen}, C.~H. and {Debes}, J.~H. and {Gofas-Salas}, E. and 
	{Hagan}, J.~B. and {Hines}, D.~C. and {Mawet}, D. and {Morales}, F. and 
	{Pueyo}, L. and {Rajan}, A. and {Ren}, B. and {Schneider}, G. and 
	{Stark}, C.~C. and {Wolff}, S.},
    title = "{HD 104860 and HD 192758: Two Debris Disks Newly Imaged in Scattered Light with the Hubble Space Telescope}",
  journal = {\apj},
archivePrefix = "arXiv",
   eprint = {1801.05424},
 primaryClass = "astro-ph.EP",
 keywords = {circumstellar matter, stars: individual: HD 104860, HD 192758, techniques: image processing},
     year = 2018,
    month = feb,
   volume = 854,
      eid = {53},
    pages = {53},
      doi = {10.3847/1538-4357/aaa892},
   adsurl = {http://adsabs.harvard.edu/abs/2018ApJ...854...53C},
  adsnote = {Provided by the SAO/NASA Astrophysics Data System}
}

@ARTICLE{mo14,
   author = {{Mo}, Y. and {Ren}, B. and {Yang}, W. and {Shuai}, J.},
    title = "{The 3-dimensional cellular automata for HIV infection}",
  journal = {Physica A Statistical Mechanics and its Applications},
     year = 2014,
    month = apr,
   volume = 399,
    pages = {31-39},
      doi = {10.1016/j.physa.2013.12.018},
   adsurl = {http://adsabs.harvard.edu/abs/2014PhyA..399...31M},
  adsnote = {Provided by the SAO/NASA Astrophysics Data System}
}


@ARTICLE{esposito18,
   author = {{Esposito}, T.~M. and {Duch{\^e}ne}, G. and {Kalas}, P. and 
	{Rice}, M. and {Choquet}, {\'E}. and {Ren}, B. and {Perrin}, M.~D. and 
	{Chen}, C.~H. and {Arriaga}, P. and {Chiang}, E. and {Nielsen}, E.~L. and 
	{Graham}, J.~R. and {Wang}, J.~J. and {De Rosa}, R.~J. and {Follette}, K.~B. and 
	{Ammons}, S.~M. and {Ansdell}, M. and {Bailey}, V.~P. and {Barman}, T. and 
	{Sebasti{\'a}n Bruzzone}, J. and {Bulger}, J. and {Chilcote}, J. and 
	{Cotten}, T. and {Doyon}, R. and {Fitzgerald}, M.~P. and {Goodsell}, S.~J. and 
	{Greenbaum}, A.~Z. and {Hibon}, P. and {Hung}, L.-W. and {Ingraham}, P. and 
	{Konopacky}, Q. and {Larkin}, J.~E. and {Macintosh}, B. and 
	{Maire}, J. and {Marchis}, F. and {Marois}, C. and {Mazoyer}, J. and 
	{Metchev}, S. and {Millar-Blanchaer}, M.~A. and {Oppenheimer}, R. and 
	{Palmer}, D. and {Patience}, J. and {Poyneer}, L. and {Pueyo}, L. and 
	{Rajan}, A. and {Rameau}, J. and {Rantakyr{\"o}}, F.~T. and 
	{Ryan}, D. and {Savransky}, D. and {Schneider}, A.~C. and {Sivaramakrishnan}, A. and 
	{Song}, I. and {Soummer}, R. and {Thomas}, S. and {Wallace}, J.~K. and 
	{Ward-Duong}, K. and {Wiktorowicz}, S. and {Wolff}, S.},
    title = "{Direct Imaging of the HD 35841 Debris Disk: A Polarized Dust Ring from Gemini Planet Imager and an Outer Halo from HST/STIS}",
  journal = {\aj},
archivePrefix = "arXiv",
   eprint = {1806.02904},
 primaryClass = "astro-ph.EP",
 keywords = {circumstellar matter, infrared: planetary systems, stars: individual: HD 35841, techniques: high angular resolution},
     year = 2018,
    month = aug,
   volume = 156,
      eid = {47},
    pages = {47},
      doi = {10.3847/1538-3881/aacbc9},
   adsurl = {http://adsabs.harvard.edu/abs/2018AJ....156...47E},
  adsnote = {Provided by the SAO/NASA Astrophysics Data System}
}




@ARTICLE{ren18a,
   author = {{Ren}, B. and {Pueyo}, L. and {Zhu}, G.~B. and {Debes}, J. and 
	{Duch{\^e}ne}, G.},
    title = "{Non-negative Matrix Factorization: Robust Extraction of Extended Structures}",
  journal = {\apj},
archivePrefix = "arXiv",
   eprint = {1712.10317},
 primaryClass = "astro-ph.IM",
 keywords = {protoplanetary disks, stars: imaging, stars: individual: HD 181327, techniques: image processing },
     year = 2018,
    month = jan,
   volume = 852,
      eid = {104},
    pages = {104},
      doi = {10.3847/1538-4357/aaa1f2},
   adsurl = {http://adsabs.harvard.edu/abs/2018ApJ...852..104R},
  adsnote = {Provided by the SAO/NASA Astrophysics Data System}
}

@ARTICLE{ren18b,
   author = {{Ren}, B. and {Dong}, R. and {Esposito}, T.~M. and {Pueyo}, L. and 
	{Debes}, J.~H. and {Poteet}, C.~A. and {Choquet}, {\'E}. and 
	{Benisty}, M. and {Chiang}, E. and {Grady}, C.~A. and {Hines}, D.~C. and 
	{Schneider}, G. and {Soummer}, R.},
    title = "{A Decade of MWC 758 Disk Images: Where Are the Spiral-arm-driving Planets?}",
  journal = {\apjl},
archivePrefix = "arXiv",
   eprint = {1803.06776},
 primaryClass = "astro-ph.EP",
 keywords = {protoplanetary disks, stars: imaging, stars: individual: MWC 758},
     year = 2018,
    month = apr,
   volume = 857,
      eid = {L9},
    pages = {L9},
      doi = {10.3847/2041-8213/aab7f5},
   adsurl = {http://adsabs.harvard.edu/abs/2018ApJ...857L...9R},
  adsnote = {Provided by the SAO/NASA Astrophysics Data System}
}


@ARTICLE{konishi16,
   author = {{Konishi}, M. and {Grady}, C.~A. and {Schneider}, G. and {Shibai}, H. and 
	{McElwain}, M.~W. and {Nesvold}, E.~R. and {Kuchner}, M.~J. and 
	{Carson}, J. and {Debes}, J.~H. and {Gaspar}, A. and {Henning}, T.~K. and 
	{Hines}, D.~C. and {Hinz}, P.~M. and {Jang-Condell}, H. and 
	{Moro-Mart{\'{\i}}n}, A. and {Perrin}, M. and {Rodigas}, T.~J. and 
	{Serabyn}, E. and {Silverstone}, M.~D. and {Stark}, C.~C. and 
	{Tamura}, M. and {Weinberger}, A.~J. and {Wisniewski}, J.~P.
	},
    title = "{Discovery of an Inner Disk Component around HD 141569 A}",
  journal = {\apjl},
archivePrefix = "arXiv",
   eprint = {1601.06560},
 primaryClass = "astro-ph.EP",
 keywords = {circumstellar matter, stars: imaging, stars: individual: HD 141569 A},
     year = 2016,
    month = feb,
   volume = 818,
      eid = {L23},
    pages = {L23},
      doi = {10.3847/2041-8205/818/2/L23},
   adsurl = {http://adsabs.harvard.edu/abs/2016ApJ...818L..23K},
  adsnote = {Provided by the SAO/NASA Astrophysics Data System}
}

@ARTICLE{currie16,
   author = {{Currie}, T. and {Grady}, C.~A. and {Cloutier}, R. and {Konishi}, M. and 
	{Stassun}, K. and {Debes}, J. and {van der Marel}, N. and {Muto}, T. and 
	{Jayawardhana}, R. and {Ratzka}, T.},
    title = "{The Matryoshka Disk: Keck/NIRC2 Discovery of a Solar-system-scale, Radially Segregated Residual Protoplanetary Disk around HD 141569A}",
  journal = {\apjl},
archivePrefix = "arXiv",
   eprint = {1602.01219},
 primaryClass = "astro-ph.SR",
 keywords = {planetary systems, stars: early-type, stars: individual: HD 141569A},
     year = 2016,
    month = mar,
   volume = 819,
      eid = {L26},
    pages = {L26},
      doi = {10.3847/2041-8205/819/2/L26},
   adsurl = {http://adsabs.harvard.edu/abs/2016ApJ...819L..26C},
  adsnote = {Provided by the SAO/NASA Astrophysics Data System}
}

@ARTICLE{mazoyer16,
   author = {{Mazoyer}, J. and {Boccaletti}, A. and {Choquet}, {\'E}. and 
	{Perrin}, M.~D. and {Pueyo}, L. and {Augereau}, J.-C. and {Lagrange}, A.-M. and 
	{Debes}, J. and {Wolff}, S.~G.},
    title = "{A Symmetric Inner Cavity in the HD 141569A Circumstellar Disk}",
  journal = {\apj},
archivePrefix = "arXiv",
   eprint = {1601.00505},
 primaryClass = "astro-ph.EP",
 keywords = {circumstellar matter, stars: early-type, stars: individual: HD 141569A, techniques: high angular resolution, techniques: image processing},
     year = 2016,
    month = feb,
   volume = 818,
      eid = {150},
    pages = {150},
      doi = {10.3847/0004-637X/818/2/150},
   adsurl = {http://adsabs.harvard.edu/abs/2016ApJ...818..150M},
  adsnote = {Provided by the SAO/NASA Astrophysics Data System}
}

@ARTICLE{mawet17,
   author = {{Mawet}, D. and {Choquet}, {\'E}. and {Absil}, O. and {Huby}, E. and 
	{Bottom}, M. and {Serabyn}, E. and {Femenia}, B. and {Lebreton}, J. and 
	{Matthews}, K. and {Gomez Gonzalez}, C.~A. and {Wertz}, O. and 
	{Carlomagno}, B. and {Christiaens}, V. and {Defr{\`e}re}, D. and 
	{Delacroix}, C. and {Forsberg}, P. and {Habraken}, S. and {Jolivet}, A. and 
	{Karlsson}, M. and {Milli}, J. and {Pinte}, C. and {Piron}, P. and 
	{Reggiani}, M. and {Surdej}, J. and {Vargas Catalan}, E.},
    title = "{Characterization of the Inner Disk around HD 141569 A from Keck/NIRC2 L-Band Vortex Coronagraphy}",
  journal = {\aj},
archivePrefix = "arXiv",
   eprint = {1612.03091},
 primaryClass = "astro-ph.SR",
 keywords = {planet{\ndash}disk interactions, planetary systems, planets and satellites: formation, protoplanetary disks, stars: pre-main sequence, stars: variables: T Tauri, Herbig Ae/Be},
     year = 2017,
    month = jan,
   volume = 153,
      eid = {44},
    pages = {44},
      doi = {10.3847/1538-3881/153/1/44},
   adsurl = {http://adsabs.harvard.edu/abs/2017AJ....153...44M},
  adsnote = {Provided by the SAO/NASA Astrophysics Data System}
}




@ARTICLE{GomezGonzalez2017,
   author = {{Gomez Gonzalez}, C.~A. and {Wertz}, O. and {Absil}, O. and 
	{Christiaens}, V. and {Defr{\`e}re}, D. and {Mawet}, D. and 
	{Milli}, J. and {Absil}, P.-A. and {Van Droogenbroeck}, M. and 
	{Cantalloube}, F. and {Hinz}, P.~M. and {Skemer}, A.~J. and 
	{Karlsson}, M. and {Surdej}, J.},
    title = "{VIP: Vortex Image Processing Package for High-contrast Direct Imaging}",
  journal = {\aj},
archivePrefix = "arXiv",
   eprint = {1705.06184},
 primaryClass = "astro-ph.IM",
 keywords = {methods: data analysis, planetary systems, planets and satellites: detection, techniques: high angular resolution, techniques: image processing},
     year = 2017,
    month = jul,
   volume = 154,
      eid = {7},
    pages = {7},
      doi = {10.3847/1538-3881/aa73d7},
   adsurl = {http://adsabs.harvard.edu/abs/2017AJ....154....7G},
  adsnote = {Provided by the SAO/NASA Astrophysics Data System}
}


@ARTICLE{akiyama16,
   author = {{Akiyama}, E. and {Hashimoto}, J. and {Liu}, H.~B. and {Li}, J.~I. and 
	{Bonnefoy}, M. and {Dong}, R. and {Hasegawa}, Y. and {Henning}, T. and 
	{Sitko}, M.~L. and {Janson}, M. and {Feldt}, M. and {Wisniewski}, J. and 
	{Kudo}, T. and {Kusakabe}, N. and {Tsukagoshi}, T. and {Momose}, M. and 
	{Muto}, T. and {Taki}, T. and {Kuzuhara}, M. and {Satoshi}, M. and 
	{Takami}, M. and {Ohashi}, N. and {Grady}, C.~A. and {Kwon}, J. and 
	{Thalmann}, C. and {Abe}, L. and {Brandner}, W. and {Brandt}, T.~D. and 
	{Carson}, J.~C. and {Egner}, S. and {Goto}, M. and {Guyon}, O. and 
	{Hayano}, Y. and {Hayashi}, M. and {Hayashi}, S.~S. and {Hodapp}, K.~W. and 
	{Ishii}, M. and {Iye}, M. and {Knapp}, G.~R. and {Kandori}, R. and 
	{Matsuo}, T. and {Mcelwain}, M.~W. and {Miyama}, S. and {Morino}, J.-I. and 
	{Moro-Martin}, A. and {Nishimura}, T. and {Pyo}, T.-S. and {Serabyn}, E. and 
	{Suenaga}, T. and {Suto}, H. and {Suzuki}, R. and {Takahashi}, Y.~H. and 
	{Takato}, N. and {Terada}, H. and {Tomono}, D. and {Turner}, E.~L. and 
	{Watanabe}, M. and {Yamada}, T. and {Takami}, H. and {Usuda}, T. and 
	{Tamura}, M.},
    title = "{Spiral Structure and Differential Dust Size Distribution in the LKH{$\alpha$} 330 Disk}",
  journal = {\aj},
archivePrefix = "arXiv",
   eprint = {1607.04708},
 primaryClass = "astro-ph.EP",
 keywords = {planetary systems, stars: pre-main sequence, stars: individual: LkH{$\alpha$} 330, techniques: interferometric},
     year = 2016,
    month = dec,
   volume = 152,
      eid = {222},
    pages = {222},
      doi = {10.3847/1538-3881/152/6/222},
   adsurl = {http://adsabs.harvard.edu/abs/2016AJ....152..222A},
  adsnote = {Provided by the SAO/NASA Astrophysics Data System}
}


@ARTICLE{baraffee15,
   author = {{Baraffe}, I. and {Homeier}, D. and {Allard}, F. and {Chabrier}, G.
	},
    title = "{New evolutionary models for pre-main sequence and main sequence low-mass stars down to the hydrogen-burning limit}",
  journal = {\aap},
archivePrefix = "arXiv",
   eprint = {1503.04107},
 primaryClass = "astro-ph.SR",
 keywords = {stars: evolution, stars: low-mass, stars: pre-main sequence, Hertzsprung-Russell and C-M diagrams, convection},
     year = 2015,
    month = may,
   volume = 577,
      eid = {A42},
    pages = {A42},
      doi = {10.1051/0004-6361/201425481},
   adsurl = {http://adsabs.harvard.edu/abs/2015A%26A...577A..42B},
  adsnote = {Provided by the SAO/NASA Astrophysics Data System}
}


@ARTICLE{lodatorice15,
   author = {{Lodato}, G. and {Rice}, W.~K.~M.},
    title = "{Testing the locality of transport in self-gravitating accretion discs - II. The massive disc case}",
  journal = {\mnras},
   eprint = {astro-ph/0501638},
 keywords = {accretion, accretion discs, gravitation, instabilities, stars: formation, galaxies: active, galaxies: spiral},
     year = 2005,
    month = apr,
   volume = 358,
    pages = {1489-1500},
      doi = {10.1111/j.1365-2966.2005.08875.x},
   adsurl = {http://adsabs.harvard.edu/abs/2005MNRAS.358.1489L},
  adsnote = {Provided by the SAO/NASA Astrophysics Data System}
}


@ARTICLE{eisner15,
   author = {{Eisner}, J.~A.},
    title = "{Spectral Energy Distributions of Accreting Protoplanets}",
  journal = {\apjl},
archivePrefix = "arXiv",
   eprint = {1502.05412},
 primaryClass = "astro-ph.EP",
 keywords = {accretion, accretion disks, planets and satellites: formation, planet{\ndash}disk interactions, protoplanetary disks},
     year = 2015,
    month = apr,
   volume = 803,
      eid = {L4},
    pages = {L4},
      doi = {10.1088/2041-8205/803/1/L4},
   adsurl = {http://adsabs.harvard.edu/abs/2015ApJ...803L...4E},
  adsnote = {Provided by the SAO/NASA Astrophysics Data System}
}

@ARTICLE{perez15,
   author = {{Perez}, S. and {Casassus}, S. and {M{\'e}nard}, F. and {Roman}, P. and 
	{van der Plas}, G. and {Cieza}, L. and {Pinte}, C. and {Christiaens}, V. and 
	{Hales}, A.~S.},
    title = "{CO Gas Inside the Protoplanetary Disk Cavity in HD 142527: Disk Structure from ALMA}",
  journal = {\apj},
archivePrefix = "arXiv",
   eprint = {1410.8168},
 primaryClass = "astro-ph.EP",
 keywords = {protoplanetary disks, stars: individual: HD 142527},
     year = 2015,
    month = jan,
   volume = 798,
      eid = {85},
    pages = {85},
      doi = {10.1088/0004-637X/798/2/85},
   adsurl = {http://adsabs.harvard.edu/abs/2015ApJ...798...85P},
  adsnote = {Provided by the SAO/NASA Astrophysics Data System}
}


@ARTICLE{reggiani18,
   author = {{Reggiani}, M. and {Christiaens}, V. and {Absil}, O. and {Mawet}, D. and 
	{Huby}, E. and {Choquet}, E. and {Gomez Gonzalez}, C.~A. and 
	{Ruane}, G. and {Femenia}, B. and {Serabyn}, E. and {Matthews}, K. and 
	{Barraza}, M. and {Carlomagno}, B. and {Defr{\`e}re}, D. and 
	{Delacroix}, C. and {Habraken}, S. and {Jolivet}, A. and {Karlsson}, M. and 
	{Orban de Xivry}, G. and {Piron}, P. and {Surdej}, J. and {Vargas Catalan}, E. and 
	{Wertz}, O.},
    title = "{Discovery of a point-like source and a third spiral arm in the transition disk around the Herbig Ae star MWC 758}",
  journal = {\aap},
archivePrefix = "arXiv",
   eprint = {1710.11393},
 primaryClass = "astro-ph.EP",
 keywords = {protoplanetary disks, planet-disk interactions, stars: pre-main sequence, stars: individual: MWC 758 (HD 36112)},
     year = 2018,
    month = mar,
   volume = 611,
      eid = {A74},
    pages = {A74},
      doi = {10.1051/0004-6361/201732016},
   adsurl = {http://adsabs.harvard.edu/abs/2018A%26A...611A..74R},
  adsnote = {Provided by the SAO/NASA Astrophysics Data System}
}


@ARTICLE{tonry79,
   author = {{Tonry}, J. and {Davis}, M.},
    title = "{A survey of galaxy redshifts. I - Data reduction techniques}",
  journal = {\aj},
 keywords = {Astronomical Spectroscopy, Data Reduction, Galaxies, Red Shift, Cross Correlation, Error Analysis, Microwave Spectra, Signal To Noise Ratios, Spiral Galaxies, Telescopes},
     year = 1979,
    month = oct,
   volume = 84,
    pages = {1511-1525},
      doi = {10.1086/112569},
   adsurl = {http://adsabs.harvard.edu/abs/1979AJ.....84.1511T},
  adsnote = {Provided by the SAO/NASA Astrophysics Data System}
}



@ARTICLE{lomax16,
   author = {{Lomax}, J.~R. and {Wisniewski}, J.~P. and {Grady}, C.~A. and 
	{McElwain}, M.~W. and {Hashimoto}, J. and {Kudo}, T. and {Kusakabe}, N. and 
	{Okamoto}, Y.~K. and {Fukagawa}, M. and {Abe}, L. and {Brandner}, W. and 
	{Brandt}, T.~D. and {Carson}, J.~C. and {Currie}, T.~M. and 
	{Egner}, S. and {Feldt}, M. and {Goto}, M. and {Guyon}, O. and 
	{Hayano}, Y. and {Hayashi}, M. and {Hayashi}, S.~S. and {Henning}, T. and 
	{Hodapp}, K.~W. and {Inoue}, A. and {Ishii}, M. and {Iye}, M. and 
	{Janson}, M. and {Kandori}, R. and {Knapp}, G.~R. and {Kuzuhara}, M. and 
	{Kwon}, J. and {Matsuo}, T. and {Mayama}, S. and {Miyama}, S. and 
	{Momose}, M. and {Morino}, J.-I. and {Moro-Martin}, A. and {Nishimura}, T. and 
	{Pyo}, T.-S. and {Schneider}, G.~H. and {Serabyn}, E. and {Sitko}, M.~L. and 
	{Suenaga}, T. and {Suto}, H. and {Suzuki}, R. and {Takahashi}, Y.~H. and 
	{Takami}, M. and {Takato}, N. and {Terada}, H. and {Thalmann}, C. and 
	{Tomono}, D. and {Turner}, E.~L. and {Watanabe}, M. and {Yamada}, T. and 
	{Takami}, H. and {Usuda}, T. and {Tamura}, M.},
    title = "{Constraining the Movement of the Spiral Features and the Locations of Planetary Bodies within the AB Aur System}",
  journal = {\apj},
archivePrefix = "arXiv",
   eprint = {1607.04280},
 primaryClass = "astro-ph.SR",
 keywords = {planet{\ndash}disk interactions, planetary systems, protoplanetary disks, radiative transfer, stars: individual: AB Aur, stars: pre-main sequence},
     year = 2016,
    month = sep,
   volume = 828,
      eid = {2},
    pages = {2},
      doi = {10.3847/0004-637X/828/1/2},
   adsurl = {http://adsabs.harvard.edu/abs/2016ApJ...828....2L},
  adsnote = {Provided by the SAO/NASA Astrophysics Data System}
}


@INPROCEEDINGS{krist11,
   author = {{Krist}, J.~E. and {Hook}, R.~N. and {Stoehr}, F.},
    title = "{20 years of Hubble Space Telescope optical modeling using Tiny Tim}",
booktitle = {Optical Modeling and Performance Predictions V},
     year = 2011,
   series = {\procspie},
   volume = 8127,
    month = oct,
      eid = {81270J},
    pages = {81270J},
      doi = {10.1117/12.892762},
   adsurl = {http://adsabs.harvard.edu/abs/2011SPIE.8127E..0JK},
  adsnote = {Provided by the SAO/NASA Astrophysics Data System}
}


@article{serabyn17,
	Adsnote = {Provided by the SAO/NASA Astrophysics Data System},
	Adsurl = {http://adsabs.harvard.edu/abs/2017AJ....153...43S},
	Archiveprefix = {arXiv},
	Author = {{Serabyn}, E. and {Huby}, E. and {Matthews}, K. and {Mawet}, D. and {Absil}, O. and {Femenia}, B. and {Wizinowich}, P. and {Karlsson}, M. and {Bottom}, M. and {Campbell}, R. and {Carlomagno}, B. and {Defr{\`e}re}, D. and {Delacroix}, C. and {Forsberg}, P. and {Gomez Gonzalez}, C. and {Habraken}, S. and {Jolivet}, A. and {Liewer}, K. and {Lilley}, S. and {Piron}, P. and {Reggiani}, M. and {Surdej}, J. and {Tran}, H. and {Vargas Catal{\'a}n}, E. and {Wertz}, O.},
	Date-Added = {2017-09-15 23:49:39 +0000},
	Date-Modified = {2017-09-15 23:49:45 +0000},
	Doi = {10.3847/1538-3881/153/1/43},
	Eid = {43},
	Eprint = {1612.03093},
	Journal = {\aj},
	Keywords = {instrumentation: adaptive optics},
	Month = jan,
	Pages = {43},
	Primaryclass = {astro-ph.SR},
	Title = {{The W. M. Keck Observatory Infrared Vortex Coronagraph and a First Image of HIP 79124 B}},
	Volume = 153,
	Year = 2017,
	Bdsk-Url-1 = {http://dx.doi.org/10.3847/1538-3881/153/1/43}}

@article{alma15,
	Adsnote = {Provided by the SAO/NASA Astrophysics Data System},
	Adsurl = {http://adsabs.harvard.edu/abs/2015ApJ...808L...3A},
	Archiveprefix = {arXiv},
	Author = {{ALMA Partnership} and {Brogan}, C.~L. and {P{\'e}rez}, L.~M. and {Hunter}, T.~R. and {Dent}, W.~R.~F. and {Hales}, A.~S. and {Hills}, R.~E. and {Corder}, S. and {Fomalont}, E.~B. and {Vlahakis}, C. and {Asaki}, Y. and {Barkats}, D. and {Hirota}, A. and {Hodge}, J.~A. and {Impellizzeri}, C.~M.~V. and {Kneissl}, R. and {Liuzzo}, E. and {Lucas}, R. and {Marcelino}, N. and {Matsushita}, S. and {Nakanishi}, K. and {Phillips}, N. and {Richards}, A.~M.~S. and {Toledo}, I. and {Aladro}, R. and {Broguiere}, D. and {Cortes}, J.~R. and {Cortes}, P.~C. and {Espada}, D. and {Galarza}, F. and {Garcia-Appadoo}, D. and {Guzman-Ramirez}, L. and {Humphreys}, E.~M. and {Jung}, T. and {Kameno}, S. and {Laing}, R.~A. and {Leon}, S. and {Marconi}, G. and {Mignano}, A. and {Nikolic}, B. and {Nyman}, L.-A. and {Radiszcz}, M. and {Remijan}, A. and {Rod{\'o}n}, J.~A. and {Sawada}, T. and {Takahashi}, S. and {Tilanus}, R.~P.~J. and {Vila Vilaro}, B. and {Watson}, L.~C. and {Wiklind}, T. and {Akiyama}, E. and {Chapillon}, E. and {de Gregorio-Monsalvo}, I. and {Di Francesco}, J. and {Gueth}, F. and {Kawamura}, A. and {Lee}, C.-F. and {Nguyen Luong}, Q. and {Mangum}, J. and {Pietu}, V. and {Sanhueza}, P. and {Saigo}, K. and {Takakuwa}, S. and {Ubach}, C. and {van Kempen}, T. and {Wootten}, A. and {Castro-Carrizo}, A. and {Francke}, H. and {Gallardo}, J. and {Garcia}, J. and {Gonzalez}, S. and {Hill}, T. and {Kaminski}, T. and {Kurono}, Y. and {Liu}, H.-Y. and {Lopez}, C. and {Morales}, F. and {Plarre}, K. and {Schieven}, G. and {Testi}, L. and {Videla}, L. and {Villard}, E. and {Andreani}, P. and {Hibbard}, J.~E. and {Tatematsu}, K.},
	Doi = {10.1088/2041-8205/808/1/L3},
	Eid = {L3},
	Eprint = {1503.02649},
	Journal = {\apjl},
	Keywords = {protoplanetary disks, stars: formation, stars: individual: HL Tau, XZ Tau, LkH{$\alpha$}358, submillimeter: planetary systems, techniques: interferometric},
	Month = jul,
	Pages = {L3},
	Primaryclass = {astro-ph.SR},
	Title = {{The 2014 ALMA Long Baseline Campaign: First Results from High Angular Resolution Observations toward the HL Tau Region}},
	Volume = 808,
	Year = 2015,
	Bdsk-Url-1 = {http://dx.doi.org/10.1088/2041-8205/808/1/L3}}

@article{duffell15,
	Adsnote = {Provided by the SAO/NASA Astrophysics Data System},
	Adsurl = {http://adsabs.harvard.edu/abs/2015ApJ...812...94D},
	Archiveprefix = {arXiv},
	Author = {{Duffell}, P.~C. and {Chiang}, E.},
	Doi = {10.1088/0004-637X/812/2/94},
	Eid = {94},
	Eprint = {1507.08667},
	Journal = {\apj},
	Keywords = {hydrodynamics, planet{\ndash}disk interactions, planets and satellites: formation, protoplanetary disks},
	Month = oct,
	Pages = {94},
	Primaryclass = {astro-ph.EP},
	Title = {{Eccentric Jupiters via Disk-Planet Interactions}},
	Volume = 812,
	Year = 2015,
	Bdsk-Url-1 = {http://dx.doi.org/10.1088/0004-637X/812/2/94}}
	
@article{szulagyi17,
Author = {{Szul{\'a}gyi}, J. and {van der Plas}, G. and {Meyer}, M.~R. and {Pohl}, A. and {Quanz}, S.~P. and {Mayer}, L. and {Daemgen}, S. and {Tamburello}, V.},
title = {Observability of forming planets and their circumplanetary discs – I. Parameter study for ALMA},
journal = {MNRAS},
volume = {473},
number = {3},
pages = {3573-3583},
year = {2018},
doi = {10.1093/mnras/stx2602},
URL = {http://dx.doi.org/10.1093/mnras/stx2602},
eprint = {1709.04438},
}
	
@ARTICLE{service16,
   author = {{Service}, M. and {Lu}, J.~R. and {Campbell}, R. and {Sitarski}, B.~N. and 
	{Ghez}, A.~M. and {Anderson}, J.},
    title = "{A New Distortion Solution for NIRC2 on the Keck II Telescope}",
  journal = {\pasp},
     year = 2016,
    month = sep,
   volume = 128,
   number = 9,
    pages = {095004},
      doi = {10.1088/1538-3873/128/967/095004},
   adsurl = {http://adsabs.harvard.edu/abs/2016PASP..128i5004S},
  adsnote = {Provided by the SAO/NASA Astrophysics Data System}
}

@ARTICLE{huby2015,
   author = {{Huby}, E. and {Baudoz}, P. and {Mawet}, D. and {Absil}, O.},
    title = "{Post-coronagraphic tip-tilt sensing for vortex phase masks: The QACITS technique}",
  journal = {\aap},
archivePrefix = "arXiv",
   eprint = {1509.06158},
 primaryClass = "astro-ph.IM",
 keywords = {techniques: high angular resolution, methods: analytical, methods: numerical},
     year = 2015,
    month = dec,
   volume = 584,
      eid = {A74},
    pages = {A74},
      doi = {10.1051/0004-6361/201527102},
   adsurl = {http://adsabs.harvard.edu/abs/2015A%26A...584A..74H},
  adsnote = {Provided by the SAO/NASA Astrophysics Data System}
}




@article{dunhill13,
	Adsnote = {Provided by the SAO/NASA Astrophysics Data System},
	Adsurl = {http://adsabs.harvard.edu/abs/2013MNRAS.428.3072D},
	Archiveprefix = {arXiv},
	Author = {{Dunhill}, A.~C. and {Alexander}, R.~D. and {Armitage}, P.~J.},
	Doi = {10.1093/mnras/sts254},
	Eprint = {1210.6035},
	Journal = {\mnras},
	Keywords = {hydrodynamics, methods: numerical, planets and satellites: dynamical evolution and stability, planets and satellites: formation, planet-disc interaction, protoplanetary discs},
	Month = feb,
	Pages = {3072-3082},
	Primaryclass = {astro-ph.EP},
	Title = {{A limit on eccentricity growth from global 3D simulations of disc-planet interactions}},
	Volume = 428,
	Year = 2013,
	Bdsk-Url-1 = {http://dx.doi.org/10.1093/mnras/sts254}}

@article{kley12,
	Adsnote = {Provided by the SAO/NASA Astrophysics Data System},
	Adsurl = {http://adsabs.harvard.edu/abs/2012ARA%26A..50..211K},
	Archiveprefix = {arXiv},
	Author = {{Kley}, W. and {Nelson}, R.~P.},
	Doi = {10.1146/annurev-astro-081811-125523},
	Eprint = {1203.1184},
	Journal = {\araa},
	Month = sep,
	Pages = {211-249},
	Primaryclass = {astro-ph.EP},
	Title = {{Planet-Disk Interaction and Orbital Evolution}},
	Volume = 50,
	Year = 2012,
	Bdsk-Url-1 = {http://dx.doi.org/10.1146/annurev-astro-081811-125523}}

@article{garufi13,
	Adsnote = {Provided by the SAO/NASA Astrophysics Data System},
	Adsurl = {http://adsabs.harvard.edu/abs/2013A%26A...560A.105G},
	Archiveprefix = {arXiv},
	Author = {{Garufi}, A. and {Quanz}, S.~P. and {Avenhaus}, H. and {Buenzli}, E. and {Dominik}, C. and {Meru}, F. and {Meyer}, M.~R. and {Pinilla}, P. and {Schmid}, H.~M. and {Wolf}, S.},
	Doi = {10.1051/0004-6361/201322429},
	Eid = {A105},
	Eprint = {1311.4195},
	Journal = {\aap},
	Keywords = {stars: pre-main sequence, protoplanetary disks, ISM: individual objects: SAO 206462, techniques: polarimetric},
	Month = dec,
	Pages = {A105},
	Primaryclass = {astro-ph.EP},
	Title = {{Small vs. large dust grains in transitional disks: do different cavity sizes indicate a planet?. SAO 206462 (HD 135344B) in polarized light with VLT/NACO}},
	Volume = 560,
	Year = 2013,
	Bdsk-Url-1 = {http://dx.doi.org/10.1051/0004-6361/201322429}}

@article{currie14,
	Adsnote = {Provided by the SAO/NASA Astrophysics Data System},
	Adsurl = {http://adsabs.harvard.edu/abs/2014ApJ...796L..30C},
	Archiveprefix = {arXiv},
	Author = {{Currie}, T. and {Muto}, T. and {Kudo}, T. and {Honda}, M. and {Brandt}, T.~D. and {Grady}, C. and {Fukagawa}, M. and {Burrows}, A. and {Janson}, M. and {Kuzuhara}, M. and {McElwain}, M.~W. and {Follette}, K. and {Hashimoto}, J. and {Henning}, T. and {Kandori}, R. and {Kusakabe}, N. and {Kwon}, J. and {Mede}, K. and {Morino}, J.-i. and {Nishikawa}, J. and {Pyo}, T.-S. and {Serabyn}, G. and {Suenaga}, T. and {Takahashi}, Y. and {Wisniewski}, J. and {Tamura}, M.},
	Doi = {10.1088/2041-8205/796/2/L30},
	Eid = {L30},
	Eprint = {1411.0315},
	Journal = {\apjl},
	Keywords = {planetary systems, stars: early-type, stars: individual: HD 100546},
	Month = dec,
	Pages = {L30},
	Primaryclass = {astro-ph.EP},
	Title = {{Recovery of the Candidate Protoplanet HD 100546 b with Gemini/NICI and Detection of Additional (Planet-induced?) Disk Structure at Small Separations}},
	Volume = 796,
	Year = 2014,
	Bdsk-Url-1 = {http://dx.doi.org/10.1088/2041-8205/796/2/L30}}

@article{benisty17,
	Adsnote = {Provided by the SAO/NASA Astrophysics Data System},
	Adsurl = {http://adsabs.harvard.edu/abs/2017A%26A...597A..42B},
	Archiveprefix = {arXiv},
	Author = {{Benisty}, M. and {Stolker}, T. and {Pohl}, A. and {de Boer}, J. and {Lesur}, G. and {Dominik}, C. and {Dullemond}, C.~P. and {Langlois}, M. and {Min}, M. and {Wagner}, K. and {Henning}, T. and {Juhasz}, A. and {Pinilla}, P. and {Facchini}, S. and {Apai}, D. and {van Boekel}, R. and {Garufi}, A. and {Ginski}, C. and {M{\'e}nard}, F. and {Pinte}, C. and {Quanz}, S.~P. and {Zurlo}, A. and {Boccaletti}, A. and {Bonnefoy}, M. and {Beuzit}, J.~L. and {Chauvin}, G. and {Cudel}, M. and {Desidera}, S. and {Feldt}, M. and {Fontanive}, C. and {Gratton}, R. and {Kasper}, M. and {Lagrange}, A.-M. and {LeCoroller}, H. and {Mouillet}, D. and {Mesa}, D. and {Sissa}, E. and {Vigan}, A. and {Antichi}, J. and {Buey}, T. and {Fusco}, T. and {Gisler}, D. and {Llored}, M. and {Magnard}, Y. and {Moeller-Nilsson}, O. and {Pragt}, J. and {Roelfsema}, R. and {Sauvage}, J.-F. and {Wildi}, F.},
	Doi = {10.1051/0004-6361/201629798},
	Eid = {A42},
	Eprint = {1610.10089},
	Journal = {\aap},
	Keywords = {protoplanetary disks, radiative transfer, techniques: polarimetric},
	Month = jan,
	Pages = {A42},
	Primaryclass = {astro-ph.EP},
	Title = {{Shadows and spirals in the protoplanetary disk HD 100453}},
	Volume = 597,
	Year = 2017,
	Bdsk-Url-1 = {http://dx.doi.org/10.1051/0004-6361/201629798}}

@article{muto12,
	Adsnote = {Provided by the SAO/NASA Astrophysics Data System},
	Adsurl = {http://adsabs.harvard.edu/abs/2012ApJ...748L..22M},
	Archiveprefix = {arXiv},
	Author = {{Muto}, T. and {Grady}, C.~A. and {Hashimoto}, J. and {Fukagawa}, M. and {Hornbeck}, J.~B. and {Sitko}, M. and {Russell}, R. and {Werren}, C. and {Cur{\'e}}, M. and {Currie}, T. and {Ohashi}, N. and {Okamoto}, Y. and {Momose}, M. and {Honda}, M. and {Inutsuka}, S. and {Takeuchi}, T. and {Dong}, R. and {Abe}, L. and {Brandner}, W. and {Brandt}, T. and {Carson}, J. and {Egner}, S. and {Feldt}, M. and {Fukue}, T. and {Goto}, M. and {Guyon}, O. and {Hayano}, Y. and {Hayashi}, M. and {Hayashi}, S. and {Henning}, T. and {Hodapp}, K.~W. and {Ishii}, M. and {Iye}, M. and {Janson}, M. and {Kandori}, R. and {Knapp}, G.~R. and {Kudo}, T. and {Kusakabe}, N. and {Kuzuhara}, M. and {Matsuo}, T. and {Mayama}, S. and {McElwain}, M.~W. and {Miyama}, S. and {Morino}, J.-I. and {Moro-Martin}, A. and {Nishimura}, T. and {Pyo}, T.-S. and {Serabyn}, E. and {Suto}, H. and {Suzuki}, R. and {Takami}, M. and {Takato}, N. and {Terada}, H. and {Thalmann}, C. and {Tomono}, D. and {Turner}, E.~L. and {Watanabe}, M. and {Wisniewski}, J.~P. and {Yamada}, T. and {Takami}, H. and {Usuda}, T. and {Tamura}, M.},
	Doi = {10.1088/2041-8205/748/2/L22},
	Eid = {L22},
	Eprint = {1202.6139},
	Journal = {\apjl},
	Keywords = {circumstellar matter, instrumentation: high angular resolution, polarization, protoplanetary disks, stars: individual: SAO 206462 HD 135344B, waves},
	Month = apr,
	Pages = {L22},
	Primaryclass = {astro-ph.EP},
	Title = {{Discovery of Small-scale Spiral Structures in the Disk of SAO 206462 (HD 135344B): Implications for the Physical State of the Disk from Spiral Density Wave Theory}},
	Volume = 748,
	Year = 2012,
	Bdsk-Url-1 = {http://dx.doi.org/10.1088/2041-8205/748/2/L22}}

@article{andrews11,
	Adsnote = {Provided by the SAO/NASA Astrophysics Data System},
	Adsurl = {http://adsabs.harvard.edu/abs/2011ApJ...732...42A},
	Archiveprefix = {arXiv},
	Author = {{Andrews}, S.~M. and {Wilner}, D.~J. and {Espaillat}, C. and {Hughes}, A.~M. and {Dullemond}, C.~P. and {McClure}, M.~K. and {Qi}, C. and {Brown}, J.~M.},
	Doi = {10.1088/0004-637X/732/1/42},
	Eid = {42},
	Eprint = {1103.0284},
	Journal = {\apj},
	Keywords = {circumstellar matter, planet-disk interactions, planets and satellites: formation, protoplanetary disks, submillimeter: planetary systems},
	Month = may,
	Pages = {42},
	Title = {{Resolved Images of Large Cavities in Protoplanetary Transition Disks}},
	Volume = 732,
	Year = 2011,
	Bdsk-Url-1 = {http://dx.doi.org/10.1088/0004-637X/732/1/42}}

@article{bae16,
	Adsnote = {Provided by the SAO/NASA Astrophysics Data System},
	Adsurl = {http://adsabs.harvard.edu/abs/2016ApJ...819..134B},
	Archiveprefix = {arXiv},
	Author = {{Bae}, J. and {Zhu}, Z. and {Hartmann}, L.},
	Doi = {10.3847/0004-637X/819/2/134},
	Eid = {134},
	Eprint = {1601.04976},
	Journal = {\apj},
	Keywords = {planet{\ndash}disk interactions, protoplanetary disks, stars: individual: SAO 206462},
	Month = mar,
	Pages = {134},
	Primaryclass = {astro-ph.EP},
	Title = {{Planetary Signatures in the SAO 206462 (HD 135344B) Disk: A Spiral Arm Passing through Vortex?}},
	Volume = 819,
	Year = 2016,
	Bdsk-Url-1 = {http://dx.doi.org/10.3847/0004-637X/819/2/134}}

@article{kratter16,
	Adsnote = {Provided by the SAO/NASA Astrophysics Data System},
	Adsurl = {http://adsabs.harvard.edu/abs/2016ARA%26A..54..271K},
	Archiveprefix = {arXiv},
	Author = {{Kratter}, K. and {Lodato}, G.},
	Doi = {10.1146/annurev-astro-081915-023307},
	Eprint = {1603.01280},
	Journal = {\araa},
	Month = sep,
	Pages = {271-311},
	Primaryclass = {astro-ph.SR},
	Title = {{Gravitational Instabilities in Circumstellar Disks}},
	Volume = 54,
	Year = 2016,
	Bdsk-Url-1 = {http://dx.doi.org/10.1146/annurev-astro-081915-023307}}

@article{stolker16,
	Adsnote = {Provided by the SAO/NASA Astrophysics Data System},
	Adsurl = {http://adsabs.harvard.edu/abs/2016A%26A...595A.113S},
	Archiveprefix = {arXiv},
	Author = {{Stolker}, T. and {Dominik}, C. and {Avenhaus}, H. and {Min}, M. and {de Boer}, J. and {Ginski}, C. and {Schmid}, H.~M. and {Juhasz}, A. and {Bazzon}, A. and {Waters}, L.~B.~F.~M. and {Garufi}, A. and {Augereau}, J.-C. and {Benisty}, M. and {Boccaletti}, A. and {Henning}, T. and {Langlois}, M. and {Maire}, A.-L. and {M{\'e}nard}, F. and {Meyer}, M.~R. and {Pinte}, C. and {Quanz}, S.~P. and {Thalmann}, C. and {Beuzit}, J.-L. and {Carbillet}, M. and {Costille}, A. and {Dohlen}, K. and {Feldt}, M. and {Gisler}, D. and {Mouillet}, D. and {Pavlov}, A. and {Perret}, D. and {Petit}, C. and {Pragt}, J. and {Rochat}, S. and {Roelfsema}, R. and {Salasnich}, B. and {Soenke}, C. and {Wildi}, F.},
	Doi = {10.1051/0004-6361/201528039},
	Eid = {A113},
	Eprint = {1603.00481},
	Journal = {\aap},
	Keywords = {protoplanetary disks, planet-disk interactions, stars: individual: HD 135344B (SAO 206462), methods: observational, instrumentation: high angular resolution, techniques: polarimetric},
	Month = nov,
	Pages = {A113},
	Primaryclass = {astro-ph.EP},
	Title = {{Shadows cast on the transition disk of HD 135344B. Multiwavelength VLT/SPHERE polarimetric differential imaging}},
	Volume = 595,
	Year = 2016,
	Bdsk-Url-1 = {http://dx.doi.org/10.1051/0004-6361/201528039}}

@article{isella10,
	Adsnote = {Provided by the SAO/NASA Astrophysics Data System},
	Adsurl = {http://adsabs.harvard.edu/abs/2010ApJ...725.1735I},
	Archiveprefix = {arXiv},
	Author = {{Isella}, A. and {Natta}, A. and {Wilner}, D. and {Carpenter}, J.~M. and {Testi}, L.},
	Doi = {10.1088/0004-637X/725/2/1735},
	Eprint = {1010.3016},
	Journal = {\apj},
	Keywords = {planet-disk interactions, protoplanetary disks, submillimeter: planetary systems, techniques: interferometric},
	Month = dec,
	Pages = {1735-1741},
	Primaryclass = {astro-ph.SR},
	Title = {{Millimeter Imaging of MWC 758: Probing the Disk Structure and Kinematics}},
	Volume = 725,
	Year = 2010,
	Bdsk-Url-1 = {http://dx.doi.org/10.1088/0004-637X/725/2/1735}}

@article{meeus12,
	Adsnote = {Provided by the SAO/NASA Astrophysics Data System},
	Adsurl = {http://adsabs.harvard.edu/abs/2012A%26A...544A..78M},
	Archiveprefix = {arXiv},
	Author = {{Meeus}, G. and {Montesinos}, B. and {Mendigut{\'{\i}}a}, I. and {Kamp}, I. and {Thi}, W.~F. and {Eiroa}, C. and {Grady}, C.~A. and {Mathews}, G. and {Sandell}, G. and {Martin-Za{\"\i}di}, C. and {Brittain}, S. and {Dent}, W.~R.~F. and {Howard}, C. and {M{\'e}nard}, F. and {Pinte}, C. and {Roberge}, A. and {Vandenbussche}, B. and {Williams}, J.~P.},
	Doi = {10.1051/0004-6361/201219225},
	Eid = {A78},
	Eprint = {1206.3413},
	Journal = {\aap},
	Keywords = {line: identification, astrochemistry, circumstellar matter, planetary systems, protoplanetary disks},
	Month = aug,
	Pages = {A78},
	Title = {{Observations of Herbig Ae/Be stars with Herschel/PACS. The atomic and molecular contents of their protoplanetary discs}},
	Volume = 544,
	Year = 2012,
	Bdsk-Url-1 = {http://dx.doi.org/10.1051/0004-6361/201219225}}

@article{gaia16,
	Adsnote = {Provided by the SAO/NASA Astrophysics Data System},
	Adsurl = {http://adsabs.harvard.edu/abs/2016A%26A...595A...1G},
	Archiveprefix = {arXiv},
	Author = {{Gaia Collaboration} and {Prusti}, T. and {de Bruijne}, J.~H.~J. and {Brown}, A.~G.~A. and {Vallenari}, A. and {Babusiaux}, C. and {Bailer-Jones}, C.~A.~L. and {Bastian}, U. and {Biermann}, M. and {Evans}, D.~W. and et al.},
	Doi = {10.1051/0004-6361/201629272},
	Eid = {A1},
	Eprint = {1609.04153},
	Journal = {\aap},
	Keywords = {space vehicles: instruments, Galaxy: structure, astrometry, parallaxes, proper motions, telescopes},
	Month = nov,
	Pages = {A1},
	Primaryclass = {astro-ph.IM},
	Title = {{The Gaia mission}},
	Volume = 595,
	Year = 2016,
	Bdsk-Url-1 = {http://dx.doi.org/10.1051/0004-6361/201629272}}

@article{vandenancker98,
	Adsnote = {Provided by the SAO/NASA Astrophysics Data System},
	Adsurl = {http://adsabs.harvard.edu/abs/1998A%26A...330..145V},
	Author = {{van den Ancker}, M.~E. and {de Winter}, D. and {Tjin A Djie}, H.~R.~E.},
	Journal = {\aap},
	Keywords = {CIRCUMSTELLAR MATTER, STARS: DISTANCES, HR DIAGRAM, STARS: PRE-MAIN SEQUENCE, STARS: VARIABLES},
	Month = feb,
	Pages = {145-154},
	Title = {{HIPPARCOS photometry of Herbig Ae/Be stars}},
	Volume = 330,
	Year = 1998}

@article{vanleeuwen07,
	Adsnote = {Provided by the SAO/NASA Astrophysics Data System},
	Adsurl = {http://adsabs.harvard.edu/abs/2007A%26A...474..653V},
	Archiveprefix = {arXiv},
	Author = {{van Leeuwen}, F.},
	Doi = {10.1051/0004-6361:20078357},
	Eprint = {0708.1752},
	Journal = {\aap},
	Keywords = {space vehicles: instruments, methods: data analysis, catalogs, astrometry, instrumentation: miscellaneous},
	Month = nov,
	Pages = {653-664},
	Title = {{Validation of the new Hipparcos reduction}},
	Volume = 474,
	Year = 2007,
	Bdsk-Url-1 = {http://dx.doi.org/10.1051/0004-6361:20078357}}

@article{mannings97,
	Adsnote = {Provided by the SAO/NASA Astrophysics Data System},
	Adsurl = {http://adsabs.harvard.edu/abs/1997ApJ...490..792M},
	Author = {{Mannings}, V. and {Sargent}, A.~I.},
	Doi = {10.1086/304897},
	Journal = {\apj},
	Keywords = {Stars: Circumstellar Matter, Infrared: Stars, Stars: Pre-Main-Sequence},
	Month = dec,
	Pages = {792-802},
	Title = {{A High-Resolution Study of Gas and Dust around Young Intermediate-Mass Stars: Evidence for Circumstellar Disks in Herbig Ae Systems}},
	Volume = 490,
	Year = 1997,
	Bdsk-Url-1 = {http://dx.doi.org/10.1086/304897}}

@inbook{chambers10,
	Adsnote = {Provided by the SAO/NASA Astrophysics Data System},
	Adsurl = {http://adsabs.harvard.edu/abs/2010exop.book..297C},
	Author = {{Chambers}, J.},
	Booktitle = {Exoplanets},
	Editor = {{Seager}, S.},
	Month = dec,
	Pages = {297-317},
	Title = {{Terrestrial Planet Formation}},
	Year = 2010}

@inbook{dagenlo10,
	Adsnote = {Provided by the SAO/NASA Astrophysics Data System},
	Adsurl = {http://adsabs.harvard.edu/abs/2010exop.book..319D},
	Author = {{D'Angelo}, G. and {Durisen}, R.~H. and {Lissauer}, J.~J.},
	Booktitle = {Exoplanets},
	Editor = {{Seager}, S.},
	Month = dec,
	Pages = {319-346},
	Title = {{Giant Planet Formation}},
	Year = 2010}

@article{benisty15,
	Adsnote = {Provided by the SAO/NASA Astrophysics Data System},
	Adsurl = {http://adsabs.harvard.edu/abs/2015A%26A...578L...6B},
	Archiveprefix = {arXiv},
	Author = {{Benisty}, M. and {Juhasz}, A. and {Boccaletti}, A. and {Avenhaus}, H. and {Milli}, J. and {Thalmann}, C. and {Dominik}, C. and {Pinilla}, P. and {Buenzli}, E. and {Pohl}, A. and {Beuzit}, J.-L. and {Birnstiel}, T. and {de Boer}, J. and {Bonnefoy}, M. and {Chauvin}, G. and {Christiaens}, V. and {Garufi}, A. and {Grady}, C. and {Henning}, T. and {Huelamo}, N. and {Isella}, A. and {Langlois}, M. and {M{\'e}nard}, F. and {Mouillet}, D. and {Olofsson}, J. and {Pantin}, E. and {Pinte}, C. and {Pueyo}, L.},
	Doi = {10.1051/0004-6361/201526011},
	Eid = {L6},
	Eprint = {1505.05325},
	Journal = {\aap},
	Keywords = {techniques: high angular resolution, protoplanetary disks},
	Month = jun,
	Pages = {L6},
	Primaryclass = {astro-ph.SR},
	Title = {{Asymmetric features in the protoplanetary disk MWC 758}},
	Volume = 578,
	Year = 2015,
	Bdsk-Url-1 = {http://dx.doi.org/10.1051/0004-6361/201526011}}

@article{pinte09,
	Adsnote = {Provided by the SAO/NASA Astrophysics Data System},
	Adsurl = {http://adsabs.harvard.edu/abs/2009A%26A...498..967P},
	Archiveprefix = {arXiv},
	Author = {{Pinte}, C. and {Harries}, T.~J. and {Min}, M. and {Watson}, A.~M. and {Dullemond}, C.~P. and {Woitke}, P. and {M{\'e}nard}, F. and {Dur{\'a}n-Rojas}, M.~C.},
	Doi = {10.1051/0004-6361/200811555},
	Eprint = {0903.1231},
	Journal = {\aap},
	Keywords = {radiative transfer, circumstellar matter, accretion, accretion disks, planetary systems: protoplanetary disks, methods: numerical},
	Month = may,
	Pages = {967-980},
	Primaryclass = {astro-ph.SR},
	Title = {{Benchmark problems for continuum radiative transfer. High optical depths, anisotropic scattering, and polarisation}},
	Volume = 498,
	Year = 2009,
	Bdsk-Url-1 = {http://dx.doi.org/10.1051/0004-6361/200811555}}

@article{marino16,
	Adsnote = {Provided by the SAO/NASA Astrophysics Data System},
	Adsurl = {http://adsabs.harvard.edu/abs/2016MNRAS.460.2933M},
	Archiveprefix = {arXiv},
	Author = {{Marino}, S. and {Matr{\`a}}, L. and {Stark}, C. and {Wyatt}, M.~C. and {Casassus}, S. and {Kennedy}, G. and {Rodriguez}, D. and {Zuckerman}, B. and {Perez}, S. and {Dent}, W.~R.~F. and {Kuchner}, M. and {Hughes}, A.~M. and {Schneider}, G. and {Steele}, A. and {Roberge}, A. and {Donaldson}, J. and {Nesvold}, E.},
	Doi = {10.1093/mnras/stw1216},
	Eprint = {1605.05331},
	Journal = {\mnras},
	Keywords = {circumstellar matter, stars: individual: HD 181327, planetary systems, radio continuum: planetary systems},
	Month = aug,
	Pages = {2933-2944},
	Primaryclass = {astro-ph.EP},
	Title = {{Exocometary gas in the HD 181327 debris ring}},
	Volume = 460,
	Year = 2016,
	Bdsk-Url-1 = {http://dx.doi.org/10.1093/mnras/stw1216}}

@article{schneider09,
	Adsnote = {Provided by the SAO/NASA Astrophysics Data System},
	Adsurl = {http://adsabs.harvard.edu/abs/2009AJ....137...53S},
	Archiveprefix = {arXiv},
	Author = {{Schneider}, G. and {Weinberger}, A.~J. and {Becklin}, E.~E. and {Debes}, J.~H. and {Smith}, B.~A.},
	Doi = {10.1088/0004-6256/137/1/53},
	Eprint = {0810.0286},
	Journal = {\aj},
	Keywords = {circumstellar matter, planetary systems: protoplanetary disks, stars: individual: HR 4796},
	Month = jan,
	Pages = {53-61},
	Title = {{STIS Imaging of the HR 4796A Circumstellar Debris Ring}},
	Volume = 137,
	Year = 2009,
	Bdsk-Url-1 = {http://dx.doi.org/10.1088/0004-6256/137/1/53}}

@misc{pyklip15,
	Adsnote = {Provided by the SAO/NASA Astrophysics Data System},
	Adsurl = {http://adsabs.harvard.edu/abs/2015ascl.soft06001W},
	Archiveprefix = {ascl},
	Author = {{Wang}, J.~J. and {Ruffio}, J.-B. and {De Rosa}, R.~J. and {Aguilar}, J. and {Wolff}, S.~G. and {Pueyo}, L.},
	Eprint = {1506.001},
	Howpublished = {Astrophysics Source Code Library},
	Keywords = {Software},
	Month = jun,
	Title = {{pyKLIP: PSF Subtraction for Exoplanets and Disks}},
	Year = 2015}

@inproceedings{mawet12,
	Adsnote = {Provided by the SAO/NASA Astrophysics Data System},
	Adsurl = {http://adsabs.harvard.edu/abs/2012SPIE.8442E..04M},
	Archiveprefix = {arXiv},
	Author = {{Mawet}, D. and {Pueyo}, L. and {Lawson}, P. and {Mugnier}, L. and {Traub}, W. and {Boccaletti}, A. and {Trauger}, J.~T. and {Gladysz}, S. and {Serabyn}, E. and {Milli}, J. and {Belikov}, R. and {Kasper}, M. and {Baudoz}, P. and {Macintosh}, B. and {Marois}, C. and {Oppenheimer}, B. and {Barrett}, H. and {Beuzit}, J.-L. and {Devaney}, N. and {Girard}, J. and {Guyon}, O. and {Krist}, J. and {Mennesson}, B. and {Mouillet}, D. and {Murakami}, N. and {Poyneer}, L. and {Savransky}, D. and {V{\'e}rinaud}, C. and {Wallace}, J.~K.},
	Booktitle = {Space Telescopes and Instrumentation 2012: Optical, Infrared, and Millimeter Wave},
	Doi = {10.1117/12.927245},
	Eid = {844204},
	Eprint = {1207.5481},
	Month = sep,
	Pages = {844204},
	Primaryclass = {astro-ph.IM},
	Series = {\procspie},
	Title = {{Review of small-angle coronagraphic techniques in the wake of ground-based second-generation adaptive optics systems}},
	Volume = 8442,
	Year = 2012,
	Bdsk-Url-1 = {http://dx.doi.org/10.1117/12.927245}}

@article{jangcondell07,
	Adsnote = {Provided by the SAO/NASA Astrophysics Data System},
	Adsurl = {http://adsabs.harvard.edu/abs/2007ApJ...659L.169J},
	Author = {{Jang-Condell}, H. and {Boss}, A.~P.},
	Doi = {10.1086/516837},
	Eprint = {astro-ph/0703161},
	Journal = {\apjl},
	Keywords = {Stars: Planetary Systems: Formation, Stars: Planetary Systems: Protoplanetary Disks, Radiative Transfer},
	Month = apr,
	Pages = {L169-L172},
	Title = {{Signatures of Planet Formation in Gravitationally Unstable Disks}},
	Volume = 659,
	Year = 2007,
	Bdsk-Url-1 = {http://dx.doi.org/10.1086/516837}}

@article{jangcondell12,
	Adsnote = {Provided by the SAO/NASA Astrophysics Data System},
	Adsurl = {http://adsabs.harvard.edu/abs/2012ApJ...749..153J},
	Archiveprefix = {arXiv},
	Author = {{Jang-Condell}, H. and {Turner}, N.~J.},
	Doi = {10.1088/0004-637X/749/2/153},
	Eid = {153},
	Eprint = {1202.3465},
	Journal = {\apj},
	Keywords = {planet-disk interactions, planets and satellites: detection, protoplanetary disks, radiative transfer},
	Month = apr,
	Pages = {153},
	Primaryclass = {astro-ph.EP},
	Title = {{Gaps in Protoplanetary Disks as Signatures of Planets. I. Methodology and Validation}},
	Volume = 749,
	Year = 2012,
	Bdsk-Url-1 = {http://dx.doi.org/10.1088/0004-637X/749/2/153}}

@article{jangcondell13,
	Adsnote = {Provided by the SAO/NASA Astrophysics Data System},
	Adsurl = {http://adsabs.harvard.edu/abs/2013ApJ...772...34J},
	Archiveprefix = {arXiv},
	Author = {{Jang-Condell}, H. and {Turner}, N.~J.},
	Doi = {10.1088/0004-637X/772/1/34},
	Eid = {34},
	Eprint = {1305.6313},
	Journal = {\apj},
	Keywords = {planet-disk interactions, planets and satellites: detection, protoplanetary disks, radiative transfer, stars: individual: LkCa 15},
	Month = jul,
	Pages = {34},
	Primaryclass = {astro-ph.EP},
	Title = {{Gaps in Protoplanetary Disks as Signatures of Planets. II. Inclined Disks}},
	Volume = 772,
	Year = 2013,
	Bdsk-Url-1 = {http://dx.doi.org/10.1088/0004-637X/772/1/34}}

@article{smith84,
	Adsnote = {Provided by the SAO/NASA Astrophysics Data System},
	Adsurl = {http://adsabs.harvard.edu/abs/1984Sci...226.1421S},
	Author = {{Smith}, B.~A. and {Terrile}, R.~J.},
	Doi = {10.1126/science.226.4681.1421},
	Journal = {Science},
	Keywords = {Dwarf Stars, Main Sequence Stars, Planetary Evolution, Stellar Envelopes, Brightness, Disks, Infrared Astronomy Satellite, Scattering Cross Sections, Visible Spectrum},
	Month = dec,
	Pages = {1421-1424},
	Title = {{A circumstellar disk around Beta Pictoris}},
	Volume = 226,
	Year = 1984,
	Bdsk-Url-1 = {http://dx.doi.org/10.1126/science.226.4681.1421}}

@article{grady10,
	Adsnote = {Provided by the SAO/NASA Astrophysics Data System},
	Adsurl = {http://adsabs.harvard.edu/abs/2010ApJ...719.1565G},
	Author = {{Grady}, C.~A. and {Hamaguchi}, K. and {Schneider}, G. and {Stecklum}, B. and {Woodgate}, B.~E. and {McCleary}, J.~E. and {Williger}, G.~M. and {Sitko}, M.~L. and {M{\'e}nard}, F. and {Henning}, T. and {Brittain}, S. and {Troutmann}, M. and {Donehew}, B. and {Hines}, D. and {Wisniewski}, J.~P. and {Lynch}, D.~K. and {Russell}, R.~W. and {Rudy}, R.~J. and {Day}, A.~N. and {Shenoy}, A. and {Wilner}, D. and {Silverstone}, M. and {Bouret}, J.-C. and {Meusinger}, H. and {Clampin}, M. and {Kim}, S. and {Petre}, R. and {Sahu}, M. and {Endres}, M. and {Collins}, K.~A.},
	Doi = {10.1088/0004-637X/719/2/1565},
	Journal = {\apj},
	Keywords = {ISM: jets and outflows, protoplanetary disks, stars: individual: MWC 480, ultraviolet: stars, X-rays: stars},
	Month = aug,
	Pages = {1565-1581},
	Title = {{Locating the Accretion Footprint on a Herbig Ae Star: MWC 480}},
	Volume = 719,
	Year = 2010,
	Bdsk-Url-1 = {http://dx.doi.org/10.1088/0004-637X/719/2/1565}}

@article{mazoyer14,
	Adsnote = {Provided by the SAO/NASA Astrophysics Data System},
	Adsurl = {http://adsabs.harvard.edu/abs/2014A%26A...569A..29M},
	Archiveprefix = {arXiv},
	Author = {{Mazoyer}, J. and {Boccaletti}, A. and {Augereau}, J.-C. and {Lagrange}, A.-M. and {Galicher}, R. and {Baudoz}, P.},
	Doi = {10.1051/0004-6361/201424479},
	Eid = {A29},
	Eprint = {1409.0710},
	Journal = {\aap},
	Keywords = {stars: individual: HD 15115, techniques: image processing, techniques: high angular resolution, stars: early-type, circumstellar matter},
	Month = sep,
	Pages = {A29},
	Primaryclass = {astro-ph.EP},
	Title = {{Is the HD 15115 inner disk really asymmetrical?}},
	Volume = 569,
	Year = 2014,
	Bdsk-Url-1 = {http://dx.doi.org/10.1051/0004-6361/201424479}}

@article{mazoyer16,
	Adsnote = {Provided by the SAO/NASA Astrophysics Data System},
	Adsurl = {http://adsabs.harvard.edu/abs/2016ApJ...818..150M},
	Archiveprefix = {arXiv},
	Author = {{Mazoyer}, J. and {Boccaletti}, A. and {Choquet}, {\'E}. and {Perrin}, M.~D. and {Pueyo}, L. and {Augereau}, J.-C. and {Lagrange}, A.-M. and {Debes}, J. and {Wolff}, S.~G.},
	Doi = {10.3847/0004-637X/818/2/150},
	Eid = {150},
	Eprint = {1601.00505},
	Journal = {\apj},
	Keywords = {circumstellar matter, stars: early-type, stars: individual: HD 141569A, techniques: high angular resolution, techniques: image processing},
	Month = feb,
	Pages = {150},
	Primaryclass = {astro-ph.EP},
	Title = {{A Symmetric Inner Cavity in the HD 141569A Circumstellar Disk}},
	Volume = 818,
	Year = 2016,
	Bdsk-Url-1 = {http://dx.doi.org/10.3847/0004-637X/818/2/150}}

@article{debes13,
	Adsnote = {Provided by the SAO/NASA Astrophysics Data System},
	Adsurl = {http://adsabs.harvard.edu/abs/2013ApJ...771...45D},
	Archiveprefix = {arXiv},
	Author = {{Debes}, J.~H. and {Jang-Condell}, H. and {Weinberger}, A.~J. and {Roberge}, A. and {Schneider}, G.},
	Doi = {10.1088/0004-637X/771/1/45},
	Eid = {45},
	Eprint = {1306.2969},
	Journal = {\apj},
	Keywords = {planet-disk interactions, protoplanetary disks, radiative transfer, stars: individual: TW Hya},
	Month = jul,
	Pages = {45},
	Primaryclass = {astro-ph.EP},
	Title = {{The 0.5-2.22 {$\mu$}m Scattered Light Spectrum of the Disk around TW Hya: Detection of a Partially Filled Disk Gap at 80 AU}},
	Volume = 771,
	Year = 2013,
	Bdsk-Url-1 = {http://dx.doi.org/10.1088/0004-637X/771/1/45}}

@article{grady05,
	Adsnote = {Provided by the SAO/NASA Astrophysics Data System},
	Adsurl = {http://adsabs.harvard.edu/abs/2005ApJ...620..470G},
	Author = {{Grady}, C.~A. and {Woodgate}, B. and {Heap}, S.~R. and {Bowers}, C. and {Nuth}, III, J.~A. and {Herczeg}, G.~J. and {Hill}, H.~G.~M.},
	Doi = {10.1086/426887},
	Journal = {\apj},
	Keywords = {Stars: Circumstellar Matter, Stars: Planetary Systems: Protoplanetary Disks, Stars: Individual: Henry Draper Number: HD 100546, Stars: Pre-Main-Sequence},
	Month = feb,
	Pages = {470-480},
	Title = {{Resolving the Inner Cavity of the HD 100546 Disk: A Candidate Young Planetary System?}},
	Volume = 620,
	Year = 2005,
	Bdsk-Url-1 = {http://dx.doi.org/10.1086/426887}}

@article{ardila07,
	Adsnote = {Provided by the SAO/NASA Astrophysics Data System},
	Adsurl = {http://adsabs.harvard.edu/abs/2007ApJ...665..512A},
	Author = {{Ardila}, D.~R. and {Golimowski}, D.~A. and {Krist}, J.~E. and {Clampin}, M. and {Ford}, H.~C. and {Illingworth}, G.~D.},
	Doi = {10.1086/519296},
	Journal = {\apj},
	Keywords = {Stars: Circumstellar Matter, Stars: Planetary Systems: Protoplanetary Disks, Stars: Imaging, Stars: Individual: Henry Draper Number: HD 100546, Stars: Pre-Main-Sequence},
	Month = aug,
	Pages = {512-534},
	Title = {{Hubble Space Telescope Advanced Camera for Surveys Coronagraphic Observations of the Dust Surrounding HD 100546}},
	Volume = 665,
	Year = 2007,
	Bdsk-Url-1 = {http://dx.doi.org/10.1086/519296}}

@article{grady01,
	Adsnote = {Provided by the SAO/NASA Astrophysics Data System},
	Adsurl = {http://adsabs.harvard.edu/abs/2001AJ....122.3396G},
	Author = {{Grady}, C.~A. and {Polomski}, E.~F. and {Henning}, T. and {Stecklum}, B. and {Woodgate}, B.~E. and {Telesco}, C.~M. and {Pi{\~n}a}, R.~K. and {Gull}, T.~R. and {Boggess}, A. and {Bowers}, C.~W. and {Bruhweiler}, F.~C. and {Clampin}, M. and {Danks}, A.~C. and {Green}, R.~F. and {Heap}, S.~R. and {Hutchings}, J.~B. and {Jenkins}, E.~B. and {Joseph}, C. and {Kaiser}, M.~E. and {Kimble}, R.~A. and {Kraemer}, S. and {Lindler}, D. and {Linsky}, J.~L. and {Maran}, S.~P. and {Moos}, H.~W. and {Plait}, P. and {Roesler}, F. and {Timothy}, J.~G. and {Weistrop}, D.},
	Doi = {10.1086/324447},
	Journal = {\aj},
	Keywords = {Stars: Circumstellar Matter, planetary systems, Stars: Individual: Henry Draper Number: HD 100546, Stars: Pre-Main-Sequence},
	Month = dec,
	Pages = {3396-3406},
	Title = {{The Disk and Environment of the Herbig Be Star HD 100546}},
	Volume = 122,
	Year = 2001,
	Bdsk-Url-1 = {http://dx.doi.org/10.1086/324447}}

@article{maire17,
	Adsnote = {Provided by the SAO/NASA Astrophysics Data System},
	Adsurl = {http://adsabs.harvard.edu/abs/2017A%26A...601A.134M},
	Archiveprefix = {arXiv},
	Author = {{Maire}, A.-L. and {Stolker}, T. and {Messina}, S. and {M{\"u}ller}, A. and {Biller}, B.~A. and {Currie}, T. and {Dominik}, C. and {Grady}, C.~A. and {Boccaletti}, A. and {Bonnefoy}, M. and {Chauvin}, G. and {Galicher}, R. and {Millward}, M. and {Pohl}, A. and {Brandner}, W. and {Henning}, T. and {Lagrange}, A.-M. and {Langlois}, M. and {Meyer}, M.~R. and {Quanz}, S.~P. and {Vigan}, A. and {Zurlo}, A. and {van Boekel}, R. and {Buenzli}, E. and {Buey}, T. and {Desidera}, S. and {Feldt}, M. and {Fusco}, T. and {Ginski}, C. and {Giro}, E. and {Gratton}, R. and {Hubin}, N. and {Lannier}, J. and {Le Mignant}, D. and {Mesa}, D. and {Peretti}, S. and {Perrot}, C. and {Ramos}, J.~R. and {Salter}, G. and {Samland}, M. and {Sissa}, E. and {Stadler}, E. and {Thalmann}, C. and {Udry}, S. and {Weber}, L.},
	Doi = {10.1051/0004-6361/201629896},
	Eid = {A134},
	Eprint = {1702.05108},
	Journal = {\aap},
	Keywords = {protoplanetary disks, methods: data analysis, stars: individual: SAO 206462 (HD 135344B), techniques: high angular resolution, techniques: image processing, techniques: spectroscopic},
	Month = may,
	Pages = {A134},
	Primaryclass = {astro-ph.EP},
	Title = {{Testing giant planet formation in the transitional disk of SAO 206462 using deep VLT/SPHERE imaging}},
	Volume = 601,
	Year = 2017,
	Bdsk-Url-1 = {http://dx.doi.org/10.1051/0004-6361/201629896}}

@article{dong17,
	Adsnote = {Provided by the SAO/NASA Astrophysics Data System},
	Adsurl = {http://adsabs.harvard.edu/abs/2017ApJ...835..146D},
	Archiveprefix = {arXiv},
	Author = {{Dong}, R. and {Fung}, J.},
	Doi = {10.3847/1538-4357/835/2/146},
	Eid = {146},
	Eprint = {1612.04821},
	Journal = {\apj},
	Keywords = {circumstellar matter, planet{\ndash}disk interactions, planets and satellites: formation, protoplanetary disks, stars: pre-main sequence, stars: variables: T Tauri, Herbig Ae/Be},
	Month = feb,
	Pages = {146},
	Primaryclass = {astro-ph.EP},
	Title = {{What is the Mass of a Gap-opening Planet?}},
	Volume = 835,
	Year = 2017,
	Bdsk-Url-1 = {http://dx.doi.org/10.3847/1538-4357/835/2/146}}

@article{follette17,
	Adsnote = {Provided by the SAO/NASA Astrophysics Data System},
	Adsurl = {http://adsabs.harvard.edu/abs/2017AJ....153..264F},
	Archiveprefix = {arXiv},
	Author = {{Follette}, K.~B. and {Rameau}, J. and {Dong}, R. and {Pueyo}, L. and {Close}, L.~M. and {Duch{\^e}ne}, G. and {Fung}, J. and {Leonard}, C. and {Macintosh}, B. and {Males}, J.~R. and {Marois}, C. and {Millar-Blanchaer}, M.~A. and {Morzinski}, K.~M. and {Mullen}, W. and {Perrin}, M. and {Spiro}, E. and {Wang}, J. and {Ammons}, S.~M. and {Bailey}, V.~P. and {Barman}, T. and {Bulger}, J. and {Chilcote}, J. and {Cotten}, T. and {De Rosa}, R.~J. and {Doyon}, R. and {Fitzgerald}, M.~P. and {Goodsell}, S.~J. and {Graham}, J.~R. and {Greenbaum}, A.~Z. and {Hibon}, P. and {Hung}, L.-W. and {Ingraham}, P. and {Kalas}, P. and {Konopacky}, Q. and {Larkin}, J.~E. and {Maire}, J. and {Marchis}, F. and {Metchev}, S. and {Nielsen}, E.~L. and {Oppenheimer}, R. and {Palmer}, D. and {Patience}, J. and {Poyneer}, L. and {Rajan}, A. and {Rantakyr{\"o}}, F.~T. and {Savransky}, D. and {Schneider}, A.~C. and {Sivaramakrishnan}, A. and {Song}, I. and {Soummer}, R. and {Thomas}, S. and {Vega}, D. and {Wallace}, J.~K. and {Ward-Duong}, K. and {Wiktorowicz}, S. and {Wolff}, S.},
	Doi = {10.3847/1538-3881/aa6d85},
	Eid = {264},
	Eprint = {1704.06260},
	Journal = {\aj},
	Keywords = {instrumentation: adaptive optics, planet{\ndash}disk interactions, protoplanetary disks, stars: individual: HD 100546},
	Month = jun,
	Pages = {264},
	Primaryclass = {astro-ph.EP},
	Title = {{Complex Spiral Structure in the HD 100546 Transitional Disk as Revealed by GPI and MagAO}},
	Volume = 153,
	Year = 2017,
	Bdsk-Url-1 = {http://dx.doi.org/10.3847/1538-3881/aa6d85}}

@article{esposito14,
	Adsnote = {Provided by the SAO/NASA Astrophysics Data System},
	Adsurl = {http://adsabs.harvard.edu/abs/2014ApJ...780...25E},
	Archiveprefix = {arXiv},
	Author = {{Esposito}, T.~M. and {Fitzgerald}, M.~P. and {Graham}, J.~R. and {Kalas}, P.},
	Doi = {10.1088/0004-637X/780/1/25},
	Eid = {25},
	Eprint = {1310.7026},
	Journal = {\apj},
	Keywords = {circumstellar matter, infrared: planetary systems, stars: individual: HD 32297, techniques: high angular resolution, techniques: image processing},
	Month = jan,
	Pages = {25},
	Primaryclass = {astro-ph.EP},
	Title = {{Modeling Self-subtraction in Angular Differential Imaging: Application to the HD 32297 Debris Disk}},
	Volume = 780,
	Year = 2014,
	Bdsk-Url-1 = {http://dx.doi.org/10.1088/0004-637X/780/1/25}}

@inproceedings{biller04,
	Adsnote = {Provided by the SAO/NASA Astrophysics Data System},
	Adsurl = {http://adsabs.harvard.edu/abs/2004SPIE.5490..389B},
	Author = {{Biller}, B.~A. and {Close}, L. and {Lenzen}, R. and {Brandner}, W. and {McCarthy}, D.~W. and {Nielsen}, E. and {Hartung}, M.},
	Booktitle = {Advancements in Adaptive Optics},
	Doi = {10.1117/12.552164},
	Editor = {{Bonaccini Calia}, D. and {Ellerbroek}, B.~L. and {Ragazzoni}, R.},
	Month = oct,
	Pages = {389-397},
	Series = {\procspie},
	Title = {{Suppressing speckle noise for simultaneous differential extrasolar planet imaging (SDI) at the VLT and MMT}},
	Volume = 5490,
	Year = 2004,
	Bdsk-Url-1 = {http://dx.doi.org/10.1117/12.552164}}

@article{debes17,
	Adsnote = {Provided by the SAO/NASA Astrophysics Data System},
	Adsurl = {http://adsabs.harvard.edu/abs/2017ApJ...835..205D},
	Archiveprefix = {arXiv},
	Author = {{Debes}, J.~H. and {Poteet}, C.~A. and {Jang-Condell}, H. and {Gaspar}, A. and {Hines}, D. and {Kastner}, J.~H. and {Pueyo}, L. and {Rapson}, V. and {Roberge}, A. and {Schneider}, G. and {Weinberger}, A.~J.},
	Doi = {10.3847/1538-4357/835/2/205},
	Eid = {205},
	Eprint = {1701.03152},
	Journal = {\apj},
	Keywords = {circumstellar matter, planets and satellites: formation, protoplanetary disks, stars: individual: TW Hya},
	Month = feb,
	Pages = {205},
	Primaryclass = {astro-ph.SR},
	Title = {{Chasing Shadows: Rotation of the Azimuthal Asymmetry in the TW Hya Disk}},
	Volume = 835,
	Year = 2017,
	Bdsk-Url-1 = {http://dx.doi.org/10.3847/1538-4357/835/2/205}}

@inproceedings{debesRen17,
	Adsnote = {Provided by the SAO/NASA Astrophysics Data System},
	Adsurl = {http://adsabs.harvard.edu/abs/2017AAS...22942007D},
	Author = {{Debes}, J.~H. and {Ren}, B.},
	Booktitle = {American Astronomical Society Meeting Abstracts},
	Eid = {420.07},
	Month = jan,
	Pages = {420.07},
	Series = {American Astronomical Society Meeting Abstracts},
	Title = {{Pushing the limits of high contrast with STIS/BAR5}},
	Volume = 229,
	Year = 2017}

@article{rodigas14,
	Adsnote = {Provided by the SAO/NASA Astrophysics Data System},
	Adsurl = {http://adsabs.harvard.edu/abs/2014ApJ...780...65R},
	Archiveprefix = {arXiv},
	Author = {{Rodigas}, T.~J. and {Malhotra}, R. and {Hinz}, P.~M.},
	Doi = {10.1088/0004-637X/780/1/65},
	Eid = {65},
	Eprint = {1311.1207},
	Journal = {\apj},
	Keywords = {methods: numerical, circumstellar matter, planet-disk interactions},
	Month = jan,
	Pages = {65},
	Primaryclass = {astro-ph.EP},
	Title = {{Predictions for Shepherding Planets in Scattered Light Images of Debris Disks}},
	Volume = 780,
	Year = 2014,
	Bdsk-Url-1 = {http://dx.doi.org/10.1088/0004-637X/780/1/65}}

@article{lee16,
	Adsnote = {Provided by the SAO/NASA Astrophysics Data System},
	Adsurl = {http://adsabs.harvard.edu/abs/2016ApJ...827..125L},
	Archiveprefix = {arXiv},
	Author = {{Lee}, E.~J. and {Chiang}, E.},
	Doi = {10.3847/0004-637X/827/2/125},
	Eid = {125},
	Eprint = {1605.06118},
	Journal = {\apj},
	Keywords = {planet{\ndash}disk interactions},
	Month = aug,
	Pages = {125},
	Primaryclass = {astro-ph.EP},
	Title = {{A Primer on Unifying Debris Disk Morphologies}},
	Volume = 827,
	Year = 2016,
	Bdsk-Url-1 = {http://dx.doi.org/10.3847/0004-637X/827/2/125}}

@article{nesvold16,
	Adsnote = {Provided by the SAO/NASA Astrophysics Data System},
	Adsurl = {http://adsabs.harvard.edu/abs/2016ApJ...826...19N},
	Archiveprefix = {arXiv},
	Author = {{Nesvold}, E.~R. and {Naoz}, S. and {Vican}, L. and {Farr}, W.~M.},
	Doi = {10.3847/0004-637X/826/1/19},
	Eid = {19},
	Eprint = {1603.08005},
	Journal = {\apj},
	Keywords = {celestial mechanics, circumstellar matter, methods: numerical, planet{\ndash}disk interactions, planetary systems},
	Month = jul,
	Pages = {19},
	Primaryclass = {astro-ph.EP},
	Title = {{Circumstellar Debris Disks: Diagnosing the Unseen Perturber}},
	Volume = 826,
	Year = 2016,
	Bdsk-Url-1 = {http://dx.doi.org/10.3847/0004-637X/826/1/19}}

@article{hinkley07,
	Adsnote = {Provided by the SAO/NASA Astrophysics Data System},
	Adsurl = {http://adsabs.harvard.edu/abs/2007ApJ...654..633H},
	Author = {{Hinkley}, S. and {Oppenheimer}, B.~R. and {Soummer}, R. and {Sivaramakrishnan}, A. and {Roberts}, Jr., L.~C. and {Kuhn}, J. and {Makidon}, R.~B. and {Perrin}, M.~D. and {Lloyd}, J.~P. and {Kratter}, K. and {Brenner}, D.},
	Doi = {10.1086/509063},
	Eprint = {astro-ph/0609337},
	Journal = {\apj},
	Keywords = {Instrumentation: Adaptive Optics, Methods: Data Analysis, stars: individual (HD 160346), stars: individual (HD 172167), Techniques: Image Processing},
	Month = jan,
	Pages = {633-640},
	Title = {{Temporal Evolution of Coronagraphic Dynamic Range and Constraints on Companions to Vega}},
	Volume = 654,
	Year = 2007,
	Bdsk-Url-1 = {http://dx.doi.org/10.1086/509063}}

@article{perrin04,
	Adsnote = {Provided by the SAO/NASA Astrophysics Data System},
	Adsurl = {http://adsabs.harvard.edu/abs/2004Sci...303.1345P},
	Author = {{Perrin}, M.~D. and {Graham}, J.~R. and {Kalas}, P. and {Lloyd}, J.~P. and {Max}, C.~E. and {Gavel}, D.~T. and {Pennington}, D.~M. and {Gates}, E.~L.},
	Doi = {10.1126/science.1094602},
	Eprint = {astro-ph/0402615},
	Journal = {Science},
	Month = feb,
	Pages = {1345-1348},
	Title = {{Laser Guide Star Adaptive Optics Imaging Polarimetry of Herbig Ae/Be Stars}},
	Volume = 303,
	Year = 2004,
	Bdsk-Url-1 = {http://dx.doi.org/10.1126/science.1094602}}

@article{perrin08,
	Adsnote = {Provided by the SAO/NASA Astrophysics Data System},
	Adsurl = {http://adsabs.harvard.edu/abs/2008PASP..120..555P},
	Archiveprefix = {arXiv},
	Author = {{Perrin}, M.~D. and {Graham}, J.~R. and {Lloyd}, J.~P.},
	Doi = {10.1086/588153},
	Eprint = {0804.1550},
	Journal = {\pasp},
	Month = may,
	Pages = {555},
	Title = {{The IRCAL Polarimeter: Design, Calibration, and Data Reduction for an Adaptive Optics Imaging Polarimeter}},
	Volume = 120,
	Year = 2008,
	Bdsk-Url-1 = {http://dx.doi.org/10.1086/588153}}

@article{soummer07,
	Adsnote = {Provided by the SAO/NASA Astrophysics Data System},
	Adsurl = {http://adsabs.harvard.edu/abs/2007ApJ...669..642S},
	Archiveprefix = {arXiv},
	Author = {{Soummer}, R. and {Ferrari}, A. and {Aime}, C. and {Jolissaint}, L.},
	Doi = {10.1086/520913},
	Eprint = {0706.1739},
	Journal = {\apj},
	Keywords = {Instrumentation: Adaptive Optics, Instrumentation: High Angular Resolution},
	Month = nov,
	Pages = {642-656},
	Title = {{Speckle Noise and Dynamic Range in Coronagraphic Images}},
	Volume = 669,
	Year = 2007,
	Bdsk-Url-1 = {http://dx.doi.org/10.1086/520913}}

@article{amaya12,
	Adsnote = {Provided by the SAO/NASA Astrophysics Data System},
	Adsurl = {http://adsabs.harvard.edu/abs/2012MNRAS.427..948A},
	Archiveprefix = {arXiv},
	Author = {{Amara}, A. and {Quanz}, S.~P.},
	Doi = {10.1111/j.1365-2966.2012.21918.x},
	Eprint = {1207.6637},
	Journal = {\mnras},
	Keywords = {methods: data analysis, techniques: image processing, planets and satellites: detection},
	Month = dec,
	Pages = {948-955},
	Primaryclass = {astro-ph.IM},
	Title = {{PYNPOINT: an image processing package for finding exoplanets}},
	Volume = 427,
	Year = 2012,
	Bdsk-Url-1 = {http://dx.doi.org/10.1111/j.1365-2966.2012.21918.x}}

@article{bowler16,
	Adsnote = {Provided by the SAO/NASA Astrophysics Data System},
	Adsurl = {http://adsabs.harvard.edu/abs/2016PASP..128j2001B},
	Archiveprefix = {arXiv},
	Author = {{Bowler}, B.~P.},
	Doi = {10.1088/1538-3873/128/968/102001},
	Eprint = {1605.02731},
	Journal = {\pasp},
	Month = oct,
	Number = 10,
	Pages = {102001},
	Primaryclass = {astro-ph.EP},
	Title = {{Imaging Extrasolar Giant Planets}},
	Volume = 128,
	Year = 2016,
	Bdsk-Url-1 = {http://dx.doi.org/10.1088/1538-3873/128/968/102001}}

@article{oppenheimer09,
	Adsnote = {Provided by the SAO/NASA Astrophysics Data System},
	Adsurl = {http://adsabs.harvard.edu/abs/2009ARA%26A..47..253O},
	Archiveprefix = {arXiv},
	Author = {{Oppenheimer}, B.~R. and {Hinkley}, S.},
	Doi = {10.1146/annurev-astro-082708-101717},
	Eprint = {0903.4466},
	Journal = {\araa},
	Month = sep,
	Pages = {253-289},
	Primaryclass = {astro-ph.IM},
	Title = {{High-Contrast Observations in Optical and Infrared Astronomy}},
	Volume = 47,
	Year = 2009,
	Bdsk-Url-1 = {http://dx.doi.org/10.1146/annurev-astro-082708-101717}}

@article{pueyo12,
	Adsnote = {Provided by the SAO/NASA Astrophysics Data System},
	Adsurl = {http://adsabs.harvard.edu/abs/2012ApJS..199....6P},
	Archiveprefix = {arXiv},
	Author = {{Pueyo}, L. and {Crepp}, J.~R. and {Vasisht}, G. and {Brenner}, D. and {Oppenheimer}, B.~R. and {Zimmerman}, N. and {Hinkley}, S. and {Parry}, I. and {Beichman}, C. and {Hillenbrand}, L. and {Roberts}, L.~C. and {Dekany}, R. and {Shao}, M. and {Burruss}, R. and {Bouchez}, A. and {Roberts}, J. and {Soummer}, R.},
	Doi = {10.1088/0067-0049/199/1/6},
	Eid = {6},
	Eprint = {1111.6102},
	Journal = {\apjs},
	Keywords = {instrumentation: adaptive optics, techniques: high angular resolution, techniques: spectroscopic},
	Month = mar,
	Pages = {6},
	Primaryclass = {astro-ph.IM},
	Title = {{Application of a Damped Locally Optimized Combination of Images Method to the Spectral Characterization of Faint Companions Using an Integral Field Spectrograph}},
	Volume = 199,
	Year = 2012,
	Bdsk-Url-1 = {http://dx.doi.org/10.1088/0067-0049/199/1/6}}

@article{ardila04,
	Adsnote = {Provided by the SAO/NASA Astrophysics Data System},
	Adsurl = {http://adsabs.harvard.edu/abs/2004ApJ...617L.147A},
	Author = {{Ardila}, D.~R. and {Golimowski}, D.~A. and {Krist}, J.~E. and {Clampin}, M. and {Williams}, J.~P. and {Blakeslee}, J.~P. and {Ford}, H.~C. and {Hartig}, G.~F. and {Illingworth}, G.~D.},
	Doi = {10.1086/427434},
	Eprint = {astro-ph/0411422},
	Journal = {\apjl},
	Keywords = {Stars: Planetary Systems: Formation, Stars: Planetary Systems: Protoplanetary Disks, Stars: Imaging, Stars: Individual: Henry Draper Number: HD 107146},
	Month = dec,
	Pages = {L147-L150},
	Title = {{A Resolved Debris Disk around the G2 V Star HD 107146}},
	Volume = 617,
	Year = 2004,
	Bdsk-Url-1 = {http://dx.doi.org/10.1086/427434}}

@article{ardila05,
	Adsnote = {Provided by the SAO/NASA Astrophysics Data System},
	Adsurl = {http://adsabs.harvard.edu/abs/2005ApJ...624L.141A},
	Author = {{Ardila}, D.~R. and {Golimowski}, D.~A. and {Krist}, J.~E. and {Clampin}, M. and {Williams}, J.~P. and {Blakeslee}, J.~P. and {Ford}, H.~C. and {Hartig}, G.~F. and {Illingworth}, G.~D.},
	Doi = {10.1086/430517},
	Journal = {\apjl},
	Keywords = {Errata, Addenda},
	Month = may,
	Pages = {L141-L142},
	Title = {{Erratum: ``A Resolved Debris Disk around the G2 V Star HD 107146'' (<A href=''/abs/2004ApJ...617L.147A''>ApJ, 617, L147 [2004]</A>)}},
	Volume = 624,
	Year = 2005,
	Bdsk-Url-1 = {http://dx.doi.org/10.1086/430517}}

@inproceedings{beuzit08,
	Adsnote = {Provided by the SAO/NASA Astrophysics Data System},
	Adsurl = {http://adsabs.harvard.edu/abs/2008SPIE.7014E..18B},
	Author = {{Beuzit}, J.-L. and {Feldt}, M. and {Dohlen}, K. and {Mouillet}, D. and {Puget}, P. and {Wildi}, F. and {Abe}, L. and {Antichi}, J. and {Baruffolo}, A. and {Baudoz}, P. and {Boccaletti}, A. and {Carbillet}, M. and {Charton}, J. and {Claudi}, R. and {Downing}, M. and {Fabron}, C. and {Feautrier}, P. and {Fedrigo}, E. and {Fusco}, T. and {Gach}, J.-L. and {Gratton}, R. and {Henning}, T. and {Hubin}, N. and {Joos}, F. and {Kasper}, M. and {Langlois}, M. and {Lenzen}, R. and {Moutou}, C. and {Pavlov}, A. and {Petit}, C. and {Pragt}, J. and {Rabou}, P. and {Rigal}, F. and {Roelfsema}, R. and {Rousset}, G. and {Saisse}, M. and {Schmid}, H.-M. and {Stadler}, E. and {Thalmann}, C. and {Turatto}, M. and {Udry}, S. and {Vakili}, F. and {Waters}, R.},
	Booktitle = {Ground-based and Airborne Instrumentation for Astronomy II},
	Doi = {10.1117/12.790120},
	Eid = {701418},
	Month = jul,
	Pages = {701418},
	Series = {\procspie},
	Title = {{SPHERE: a 'Planet Finder' instrument for the VLT}},
	Volume = 7014,
	Year = 2008,
	Bdsk-Url-1 = {http://dx.doi.org/10.1117/12.790120}}

@article{blanton07,
	Adsnote = {Provided by the SAO/NASA Astrophysics Data System},
	Adsurl = {http://adsabs.harvard.edu/abs/2007AJ....133..734B},
	Author = {{Blanton}, M.~R. and {Roweis}, S.},
	Doi = {10.1086/510127},
	Eprint = {astro-ph/0606170},
	Journal = {\aj},
	Keywords = {galaxies: fundamental parameters, galaxies: photometry, galaxies: statistics},
	Month = feb,
	Pages = {734-754},
	Title = {{K-Corrections and Filter Transformations in the Ultraviolet, Optical, and Near-Infrared}},
	Volume = 133,
	Year = 2007,
	Bdsk-Url-1 = {http://dx.doi.org/10.1086/510127}}

@article{bless99,
	Adsnote = {Provided by the SAO/NASA Astrophysics Data System},
	Adsurl = {http://adsabs.harvard.edu/abs/1999PASP..111..364B},
	Author = {{Bless}, R.~C. and {Richards}, E.~E. and {Bosh}, A. and {Dolan}, J.~F. and {Elliot}, J.~L. and {Nelson}, M. and {Percival}, J.~W. and {Robinson}, E.~L. and {Taylor}, M. and {van Citters}, G.~W. and {White}, R.~L.},
	Doi = {10.1086/316334},
	Journal = {\pasp},
	Keywords = {INSTRUMENTATION: PHOTOMETERS, SPACE VEHICLES: INSTRUMENTATION, TECHNIQUES: PHOTOMETRIC},
	Month = mar,
	Pages = {364-375},
	Title = {{The Hubble Space Telescope's High-Speed Photometer}},
	Volume = 111,
	Year = 1999,
	Bdsk-Url-1 = {http://dx.doi.org/10.1086/316334}}

@article{bowler17,
	Adsnote = {Provided by the SAO/NASA Astrophysics Data System},
	Adsurl = {http://adsabs.harvard.edu/abs/2017AJ....153...18B},
	Archiveprefix = {arXiv},
	Author = {{Bowler}, B.~P. and {Liu}, M.~C. and {Mawet}, D. and {Ngo}, H. and {Malo}, L. and {Mace}, G.~N. and {McLane}, J.~N. and {Lu}, J.~R. and {Tristan}, I.~I. and {Hinkley}, S. and {Hillenbrand}, L.~A. and {Shkolnik}, E.~L. and {Benneke}, B. and {Best}, W.~M.~J.},
	Doi = {10.3847/1538-3881/153/1/18},
	Eid = {18},
	Eprint = {1611.00364},
	Journal = {\aj},
	Keywords = {planetary systems, planets and satellites: atmospheres, stars: individual: 2MASS J22362452+4751425, stars: low-mass},
	Month = jan,
	Pages = {18},
	Primaryclass = {astro-ph.EP},
	Title = {{Planets around Low-mass Stars (PALMS). VI. Discovery of a Remarkably Red Planetary-mass Companion to the AB Dor Moving Group Candidate 2MASS J22362452+4751425*}},
	Volume = 153,
	Year = 2017,
	Bdsk-Url-1 = {http://dx.doi.org/10.3847/1538-3881/153/1/18}}

@article{chen14,
	Adsnote = {Provided by the SAO/NASA Astrophysics Data System},
	Adsurl = {http://adsabs.harvard.edu/abs/2014ApJS..211...25C},
	Author = {{Chen}, C.~H. and {Mittal}, T. and {Kuchner}, M. and {Forrest}, W.~J. and {Lisse}, C.~M. and {Manoj}, P. and {Sargent}, B.~A. and {Watson}, D.~M.},
	Doi = {10.1088/0067-0049/211/2/25},
	Eid = {25},
	Journal = {\apjs},
	Keywords = {catalogs, circumstellar matter, infrared: stars, zodiacal dust},
	Month = apr,
	Pages = {25},
	Title = {{The Spitzer Infrared Spectrograph Debris Disk Catalog. I. Continuum Analysis of Unresolved Targets}},
	Volume = 211,
	Year = 2014,
	Bdsk-Url-1 = {http://dx.doi.org/10.1088/0067-0049/211/2/25}}

@inproceedings{choquet14,
	Adsnote = {Provided by the SAO/NASA Astrophysics Data System},
	Adsurl = {http://adsabs.harvard.edu/abs/2014SPIE.9143E..57C},
	Archiveprefix = {arXiv},
	Author = {{Choquet}, {\'E}. and {Pueyo}, L. and {Hagan}, J.~B. and {Gofas-Salas}, E. and {Rajan}, A. and {Chen}, C. and {Perrin}, M.~D. and {Debes}, J. and {Golimowski}, D. and {Hines}, D.~C. and {N'Diaye}, M. and {Schneider}, G. and {Mawet}, D. and {Marois}, C. and {Soummer}, R.},
	Booktitle = {Space Telescopes and Instrumentation 2014: Optical, Infrared, and Millimeter Wave},
	Doi = {10.1117/12.2056672},
	Eid = {914357},
	Eprint = {1407.0617},
	Month = aug,
	Pages = {914357},
	Primaryclass = {astro-ph.EP},
	Series = {\procspie},
	Title = {{Archival legacy investigations of circumstellar environments: overview and first results}},
	Volume = 9143,
	Year = 2014,
	Bdsk-Url-1 = {http://dx.doi.org/10.1117/12.2056672}}

@article{choquet16,
	Adsnote = {Provided by the SAO/NASA Astrophysics Data System},
	Adsurl = {http://adsabs.harvard.edu/abs/2016ApJ...817L...2C},
	Archiveprefix = {arXiv},
	Author = {{Choquet}, {\'E}. and {Perrin}, M.~D. and {Chen}, C.~H. and {Soummer}, R. and {Pueyo}, L. and {Hagan}, J.~B. and {Gofas-Salas}, E. and {Rajan}, A. and {Golimowski}, D.~A. and {Hines}, D.~C. and {Schneider}, G. and {Mazoyer}, J. and {Augereau}, J.-C. and {Debes}, J. and {Stark}, C.~C. and {Wolff}, S. and {N'Diaye}, M. and {Hsiao}, K.},
	Doi = {10.3847/2041-8205/817/1/L2},
	Eid = {L2},
	Eprint = {1512.02220},
	Journal = {\apjl},
	Keywords = {circumstellar matter, stars: individual: TWA 7, TWA 25, HD 35650, HD 377, techniques: image processing},
	Month = jan,
	Pages = {L2},
	Primaryclass = {astro-ph.SR},
	Title = {{First Images of Debris Disks around TWA 7, TWA 25, HD 35650, and HD 377}},
	Volume = 817,
	Year = 2016,
	Bdsk-Url-1 = {http://dx.doi.org/10.3847/2041-8205/817/1/L2}}

@article{choquet17,
	Adsnote = {Provided by the SAO/NASA Astrophysics Data System},
	Adsurl = {http://adsabs.harvard.edu/abs/2017ApJ...834L..12C},
	Archiveprefix = {arXiv},
	Author = {{Choquet}, {\'E}. and {Milli}, J. and {Wahhaj}, Z. and {Soummer}, R. and {Roberge}, A. and {Augereau}, J.-C. and {Booth}, M. and {Absil}, O. and {Boccaletti}, A. and {Chen}, C.~H. and {Debes}, J.~H. and {del Burgo}, C. and {Dent}, W.~R.~F. and {Ertel}, S. and {Girard}, J.~H. and {Gofas-Salas}, E. and {Golimowski}, D.~A. and {G{\'o}mez Gonz{\'a}lez}, C.~A. and {Hagan}, J.~B. and {Hibon}, P. and {Hines}, D.~C. and {Kennedy}, G.~M. and {Lagrange}, A.-M. and {Matr{\`a}}, L. and {Mawet}, D. and {Mouillet}, D. and {N'Diaye}, M. and {Perrin}, M.~D. and {Pinte}, C. and {Pueyo}, L. and {Rajan}, A. and {Schneider}, G. and {Wolff}, S. and {Wyatt}, M.},
	Doi = {10.3847/2041-8213/834/2/L12},
	Eid = {L12},
	Eprint = {1612.07320},
	Journal = {\apjl},
	Keywords = {circumstellar matter, stars: individual: 49 Ceti, techniques: image processing},
	Month = jan,
	Pages = {L12},
	Primaryclass = {astro-ph.EP},
	Title = {{First scattered-light images of the gas-rich debris disk around 49 Ceti}},
	Volume = 834,
	Year = 2017,
	Bdsk-Url-1 = {http://dx.doi.org/10.3847/2041-8213/834/2/L12}}

@article{corder09,
	Adsnote = {Provided by the SAO/NASA Astrophysics Data System},
	Adsurl = {http://adsabs.harvard.edu/abs/2009ApJ...690L..65C},
	Archiveprefix = {arXiv},
	Author = {{Corder}, S. and {Carpenter}, J.~M. and {Sargent}, A.~I. and {Zauderer}, B.~A. and {Wright}, M.~C.~H. and {White}, S.~M. and {Woody}, D.~P. and {Teuben}, P. and {Scott}, S.~L. and {Pound}, M.~W. and {Plambeck}, R.~L. and {Lamb}, J.~W. and {Koda}, J. and {Hodges}, M. and {Hawkins}, D. and {Bock}, D.~C.-J.},
	Doi = {10.1088/0004-637X/690/1/L65},
	Eprint = {0811.2713},
	Journal = {\apjl},
	Keywords = {circumstellar matter, planetary systems, stars: individual: HD 107146},
	Month = jan,
	Pages = {L65-L68},
	Title = {{A Resolved Ring of Debris Dust around the Solar Analog HD 107146}},
	Volume = 690,
	Year = 2009,
	Bdsk-Url-1 = {http://dx.doi.org/10.1088/0004-637X/690/1/L65}}

@article{dong15,
	Adsnote = {Provided by the SAO/NASA Astrophysics Data System},
	Adsurl = {http://adsabs.harvard.edu/abs/2015ApJ...809L...5D},
	Archiveprefix = {arXiv},
	Author = {{Dong}, R. and {Zhu}, Z. and {Rafikov}, R.~R. and {Stone}, J.~M.},
	Doi = {10.1088/2041-8205/809/1/L5},
	Eid = {L5},
	Eprint = {1507.03596},
	Journal = {\apjl},
	Keywords = {circumstellar matter, planet{\ndash}disk interactions, planets and satellites: formation, protoplanetary disks, radiative transfer, stars: variables: T Tauri, Herbig},
	Month = aug,
	Pages = {L5},
	Primaryclass = {astro-ph.EP},
	Title = {{Observational Signatures of Planets in Protoplanetary Disks: Spiral Arms Observed in Scattered Light Imaging Can be Induced by Planets}},
	Volume = 809,
	Year = 2015,
	Bdsk-Url-1 = {http://dx.doi.org/10.1088/2041-8205/809/1/L5}}

@article{dong15a,
	Adsnote = {Provided by the SAO/NASA Astrophysics Data System},
	Adsurl = {http://adsabs.harvard.edu/abs/2015ApJ...809...93D},
	Archiveprefix = {arXiv},
	Author = {{Dong}, R. and {Zhu}, Z. and {Whitney}, B.},
	Doi = {10.1088/0004-637X/809/1/93},
	Eid = {93},
	Eprint = {1411.6063},
	Journal = {\apj},
	Keywords = {circumstellar matter, planet{\ndash}disk interactions, planets and satellites: formation, protoplanetary disks, stars: pre-main sequence, stars: variables: T Tauri, Herbig Ae/Be},
	Month = aug,
	Pages = {93},
	Primaryclass = {astro-ph.EP},
	Title = {{Observational Signatures of Planets in Protoplanetary Disks I. Gaps Opened by Single and Multiple Young Planets in Disks}},
	Volume = 809,
	Year = 2015,
	Bdsk-Url-1 = {http://dx.doi.org/10.1088/0004-637X/809/1/93}}

@article{dong15b,
	Adsnote = {Provided by the SAO/NASA Astrophysics Data System},
	Adsurl = {http://adsabs.harvard.edu/abs/2015ApJ...812L..32D},
	Archiveprefix = {arXiv},
	Author = {{Dong}, R. and {Hall}, C. and {Rice}, K. and {Chiang}, E.},
	Doi = {10.1088/2041-8205/812/2/L32},
	Eid = {L32},
	Eprint = {1510.00396},
	Journal = {\apjl},
	Keywords = {circumstellar matter, planets and satellites: formation, protoplanetary disks, stars: formation, stars: pre-main sequence, stars: variables: T Tauri, Herbig Ae/Be},
	Month = oct,
	Pages = {L32},
	Primaryclass = {astro-ph.SR},
	Title = {{Spiral Arms in Gravitationally Unstable Protoplanetary Disks as Imaged in Scattered Light}},
	Volume = 812,
	Year = 2015,
	Bdsk-Url-1 = {http://dx.doi.org/10.1088/2041-8205/812/2/L32}}

@article{wagner15,
	Adsnote = {Provided by the SAO/NASA Astrophysics Data System},
	Adsurl = {http://adsabs.harvard.edu/abs/2015ApJ...813L...2W},
	Archiveprefix = {arXiv},
	Author = {{Wagner}, K. and {Apai}, D. and {Kasper}, M. and {Robberto}, M.},
	Doi = {10.1088/2041-8205/813/1/L2},
	Eid = {L2},
	Eprint = {1510.02212},
	Journal = {\apjl},
	Keywords = {planet{\ndash}disk interactions, planetary systems, protoplanetary disks, stars: individual: HD 100453, stars: variables: T Tauri, Herbig Ae/Be},
	Month = nov,
	Pages = {L2},
	Primaryclass = {astro-ph.EP},
	Title = {{Discovery of a Two-armed Spiral Structure in the Gapped Disk around Herbig Ae Star HD 100453}},
	Volume = 813,
	Year = 2015,
	Bdsk-Url-1 = {http://dx.doi.org/10.1088/2041-8205/813/1/L2}}

@article{fung15,
	Adsnote = {Provided by the SAO/NASA Astrophysics Data System},
	Adsurl = {http://adsabs.harvard.edu/abs/2015ApJ...815L..21F},
	Archiveprefix = {arXiv},
	Author = {{Fung}, J. and {Dong}, R.},
	Doi = {10.1088/2041-8205/815/2/L21},
	Eid = {L21},
	Eprint = {1511.01178},
	Journal = {\apjl},
	Keywords = {circumstellar matter, methods: numerical, planet{\ndash}disk interactions, planets and satellites: formation, protoplanetary disks, stars: variables: T Tauri, Herbig Ae/Be},
	Month = dec,
	Pages = {L21},
	Primaryclass = {astro-ph.EP},
	Title = {{Inferring Planet Mass from Spiral Structures in Protoplanetary Disks}},
	Volume = 815,
	Year = 2015,
	Bdsk-Url-1 = {http://dx.doi.org/10.1088/2041-8205/815/2/L21}}

@article{dong16b,
	Adsnote = {Provided by the SAO/NASA Astrophysics Data System},
	Adsurl = {http://adsabs.harvard.edu/abs/2016ApJ...826...75D},
	Archiveprefix = {arXiv},
	Author = {{Dong}, R. and {Fung}, J. and {Chiang}, E.},
	Doi = {10.3847/0004-637X/826/1/75},
	Eid = {75},
	Eprint = {1602.04814},
	Journal = {\apj},
	Keywords = {circumstellar matter, planet{\ndash}disk interactions, planets and satellites: formation, protoplanetary disks, stars: pre-main sequence, stars: variables: T Tauri, Herbig Ae/Be},
	Month = jul,
	Pages = {75},
	Primaryclass = {astro-ph.EP},
	Title = {{How Spirals and Gaps Driven by Companions in Protoplanetary Disks Appear in Scattered Light at Arbitrary Viewing Angles}},
	Volume = 826,
	Year = 2016,
	Bdsk-Url-1 = {http://dx.doi.org/10.3847/0004-637X/826/1/75}}

@article{dong16,
	Adsnote = {Provided by the SAO/NASA Astrophysics Data System},
	Adsurl = {http://adsabs.harvard.edu/abs/2016ApJ...816L..12D},
	Archiveprefix = {arXiv},
	Author = {{Dong}, R. and {Zhu}, Z. and {Fung}, J. and {Rafikov}, R. and {Chiang}, E. and {Wagner}, K.},
	Doi = {10.3847/2041-8205/816/1/L12},
	Eid = {L12},
	Eprint = {1512.04949},
	Journal = {\apjl},
	Keywords = {circumstellar matter, planet{\ndash}disk interactions, planets and satellites: formation, protoplanetary disks, stars: pre-main sequence, stars: variables: T Tauri, Herbig Ae/Be},
	Month = jan,
	Pages = {L12},
	Primaryclass = {astro-ph.SR},
	Title = {{An M Dwarf Companion and Its Induced Spiral Arms in the HD 100453 Protoplanetary Disk}},
	Volume = 816,
	Year = 2016,
	Bdsk-Url-1 = {http://dx.doi.org/10.3847/2041-8205/816/1/L12}}

@article{gerard16,
	Adsnote = {Provided by the SAO/NASA Astrophysics Data System},
	Adsurl = {http://adsabs.harvard.edu/abs/2016ApJ...823..149G},
	Archiveprefix = {arXiv},
	Author = {{Gerard}, B. and {Lawler}, S. and {Marois}, C. and {Tannock}, M. and {Matthews}, B. and {Venn}, K.},
	Doi = {10.3847/0004-637X/823/2/149},
	Eid = {149},
	Eprint = {1604.02076},
	Journal = {\apj},
	Keywords = {circumstellar matter, planetary systems, stars: individual: HR 8799, techniques: image processing},
	Month = jun,
	Pages = {149},
	Primaryclass = {astro-ph.EP},
	Title = {{Searching for the HR 8799 Debris Disk with HST/STIS}},
	Volume = 823,
	Year = 2016,
	Bdsk-Url-1 = {http://dx.doi.org/10.3847/0004-637X/823/2/149}}

@article{grady10,
	Adsnote = {Provided by the SAO/NASA Astrophysics Data System},
	Adsurl = {http://adsabs.harvard.edu/abs/2010ApJ...719.1565G},
	Author = {{Grady}, C.~A. and {Hamaguchi}, K. and {Schneider}, G. and {Stecklum}, B. and {Woodgate}, B.~E. and {McCleary}, J.~E. and {Williger}, G.~M. and {Sitko}, M.~L. and {M{\'e}nard}, F. and {Henning}, T. and {Brittain}, S. and {Troutmann}, M. and {Donehew}, B. and {Hines}, D. and {Wisniewski}, J.~P. and {Lynch}, D.~K. and {Russell}, R.~W. and {Rudy}, R.~J. and {Day}, A.~N. and {Shenoy}, A. and {Wilner}, D. and {Silverstone}, M. and {Bouret}, J.-C. and {Meusinger}, H. and {Clampin}, M. and {Kim}, S. and {Petre}, R. and {Sahu}, M. and {Endres}, M. and {Collins}, K.~A.},
	Doi = {10.1088/0004-637X/719/2/1565},
	Journal = {\apj},
	Keywords = {ISM: jets and outflows, protoplanetary disks, stars: individual: MWC 480, ultraviolet: stars, X-rays: stars},
	Month = aug,
	Pages = {1565-1581},
	Title = {{Locating the Accretion Footprint on a Herbig Ae Star: MWC 480}},
	Volume = 719,
	Year = 2010,
	Bdsk-Url-1 = {http://dx.doi.org/10.1088/0004-637X/719/2/1565}}

@article{grady13,
	Adsnote = {Provided by the SAO/NASA Astrophysics Data System},
	Adsurl = {http://adsabs.harvard.edu/abs/2013ApJ...762...48G},
	Archiveprefix = {arXiv},
	Author = {{Grady}, C.~A. and {Muto}, T. and {Hashimoto}, J. and {Fukagawa}, M. and {Currie}, T. and {Biller}, B. and {Thalmann}, C. and {Sitko}, M.~L. and {Russell}, R. and {Wisniewski}, J. and {Dong}, R. and {Kwon}, J. and {Sai}, S. and {Hornbeck}, J. and {Schneider}, G. and {Hines}, D. and {Moro Mart{\'{\i}}n}, A. and {Feldt}, M. and {Henning}, T. and {Pott}, J.-U. and {Bonnefoy}, M. and {Bouwman}, J. and {Lacour}, S. and {Mueller}, A. and {Juh{\'a}sz}, A. and {Crida}, A. and {Chauvin}, G. and {Andrews}, S. and {Wilner}, D. and {Kraus}, A. and {Dahm}, S. and {Robitaille}, T. and {Jang-Condell}, H. and {Abe}, L. and {Akiyama}, E. and {Brandner}, W. and {Brandt}, T. and {Carson}, J. and {Egner}, S. and {Follette}, K.~B. and {Goto}, M. and {Guyon}, O. and {Hayano}, Y. and {Hayashi}, M. and {Hayashi}, S. and {Hodapp}, K. and {Ishii}, M. and {Iye}, M. and {Janson}, M. and {Kandori}, R. and {Knapp}, G. and {Kudo}, T. and {Kusakabe}, N. and {Kuzuhara}, M. and {Mayama}, S. and {McElwain}, M. and {Matsuo}, T. and {Miyama}, S. and {Morino}, J.-I. and {Nishimura}, T. and {Pyo}, T.-S. and {Serabyn}, G. and {Suto}, H. and {Suzuki}, R. and {Takami}, M. and {Takato}, N. and {Terada}, H. and {Tomono}, D. and {Turner}, E. and {Watanabe}, M. and {Yamada}, T. and {Takami}, H. and {Usuda}, T. and {Tamura}, M.},
	Doi = {10.1088/0004-637X/762/1/48},
	Eid = {48},
	Eprint = {1212.1466},
	Journal = {\apj},
	Keywords = {circumstellar matter, instrumentation: high angular resolution, polarization, protoplanetary disks, stars: individual: MWC 758, waves},
	Month = jan,
	Pages = {48},
	Primaryclass = {astro-ph.SR},
	Title = {{Spiral Arms in the Asymmetrically Illuminated Disk of MWC 758 and Constraints on Giant Planets}},
	Volume = 762,
	Year = 2013,
	Bdsk-Url-1 = {http://dx.doi.org/10.1088/0004-637X/762/1/48}}

@article{lafreniere07,
	Adsnote = {Provided by the SAO/NASA Astrophysics Data System},
	Adsurl = {http://adsabs.harvard.edu/abs/2007ApJ...660..770L},
	Author = {{Lafreni{\`e}re}, D. and {Marois}, C. and {Doyon}, R. and {Nadeau}, D. and {Artigau}, {\'E}.},
	Doi = {10.1086/513180},
	Eprint = {astro-ph/0702697},
	Journal = {\apj},
	Keywords = {Instrumentation: Adaptive Optics, Stars: Planetary Systems, Stars: Imaging, Techniques: High Angular Resolution, Techniques: Image Processing},
	Month = may,
	Pages = {770-780},
	Title = {{A New Algorithm for Point-Spread Function Subtraction in High-Contrast Imaging: A Demonstration with Angular Differential Imaging}},
	Volume = 660,
	Year = 2007,
	Bdsk-Url-1 = {http://dx.doi.org/10.1086/513180}}

@article{lafreniere09,
	Adsnote = {Provided by the SAO/NASA Astrophysics Data System},
	Adsurl = {http://adsabs.harvard.edu/abs/2009ApJ...694L.148L},
	Archiveprefix = {arXiv},
	Author = {{Lafreni{\`e}re}, D. and {Marois}, C. and {Doyon}, R. and {Barman}, T.},
	Doi = {10.1088/0004-637X/694/2/L148},
	Eprint = {0902.3247},
	Journal = {\apjl},
	Keywords = {planetary systems, techniques: image processing},
	Month = apr,
	Pages = {L148-L152},
	Primaryclass = {astro-ph.EP},
	Title = {{HST/NICMOS Detection of HR 8799 b in 1998}},
	Volume = 694,
	Year = 2009,
	Bdsk-Url-1 = {http://dx.doi.org/10.1088/0004-637X/694/2/L148}}

@incollection{lee01,
	Author = {Daniel D. Lee and Seung, H. Sebastian},
	Booktitle = {Advances in Neural Information Processing Systems 13},
	Editor = {T. K. Leen and T. G. Dietterich and V. Tresp},
	Pages = {556--562},
	Publisher = {MIT Press},
	Title = {Algorithms for Non-negative Matrix Factorization},
	Url = {http://papers.nips.cc/paper/1861-algorithms-for-non-negative-matrix-factorization.pdf},
	Year = {2001},
	Bdsk-Url-1 = {http://papers.nips.cc/paper/1861-algorithms-for-non-negative-matrix-factorization.pdf}}

@inproceedings{macintosh06,
	Adsnote = {Provided by the SAO/NASA Astrophysics Data System},
	Adsurl = {http://adsabs.harvard.edu/abs/2006SPIE.6272E..0LM},
	Author = {{Macintosh}, B. and {Graham}, J. and {Palmer}, D. and {Doyon}, R. and {Gavel}, D. and {Larkin}, J. and {Oppenheimer}, B. and {Saddlemyer}, L. and {Wallace}, J.~K. and {Bauman}, B. and {Evans}, J. and {Erikson}, D. and {Morzinski}, K. and {Phillion}, D. and {Poyneer}, L. and {Sivaramakrishnan}, A. and {Soummer}, R. and {Thibault}, S. and {Veran}, J.-P.},
	Booktitle = {Society of Photo-Optical Instrumentation Engineers (SPIE) Conference Series},
	Doi = {10.1117/12.672430},
	Eid = {62720L},
	Month = jun,
	Pages = {62720L},
	Series = {\procspie},
	Title = {{The Gemini Planet Imager}},
	Volume = 6272,
	Year = 2006,
	Bdsk-Url-1 = {http://dx.doi.org/10.1117/12.672430}}

@article{marois06,
	Adsnote = {Provided by the SAO/NASA Astrophysics Data System},
	Adsurl = {http://adsabs.harvard.edu/abs/2006ApJ...641..556M},
	Author = {{Marois}, C. and {Lafreni{\`e}re}, D. and {Doyon}, R. and {Macintosh}, B. and {Nadeau}, D.},
	Doi = {10.1086/500401},
	Eprint = {astro-ph/0512335},
	Journal = {\apj},
	Keywords = {Instrumentation: Adaptive Optics, Stars: Planetary Systems, Stars: Imaging},
	Month = apr,
	Pages = {556-564},
	Title = {{Angular Differential Imaging: A Powerful High-Contrast Imaging Technique}},
	Volume = 641,
	Year = 2006,
	Bdsk-Url-1 = {http://dx.doi.org/10.1086/500401}}

@inproceedings{marois10,
	Adsnote = {Provided by the SAO/NASA Astrophysics Data System},
	Adsurl = {http://adsabs.harvard.edu/abs/2010SPIE.7736E..1JM},
	Author = {{Marois}, C. and {Macintosh}, B. and {V{\'e}ran}, J.-P.},
	Booktitle = {Adaptive Optics Systems II},
	Doi = {10.1117/12.857225},
	Eid = {77361J},
	Month = jul,
	Pages = {77361J},
	Series = {\procspie},
	Title = {{Exoplanet imaging with LOCI processing: photometry and astrometry with the new SOSIE pipeline}},
	Volume = 7736,
	Year = 2010,
	Bdsk-Url-1 = {http://dx.doi.org/10.1117/12.857225}}

@inproceedings{oppenheimer12,
	Adsnote = {Provided by the SAO/NASA Astrophysics Data System},
	Adsurl = {http://adsabs.harvard.edu/abs/2012SPIE.8447E..20O},
	Author = {{Oppenheimer}, B.~R. and {Beichman}, C. and {Brenner}, D. and {Burruss}, R. and {Cady}, E. and {Crepp}, J. and {Hillenbrand}, L. and {Hinkley}, S. and {Ligon}, E.~R. and {Lockhart}, T. and {Parry}, I. and {Pueyo}, L. and {Rice}, E. and {Roberts}, L.~C. and {Roberts}, J. and {Shao}, M. and {Sivaramakrishnan}, A. and {Soummer}, R. and {Vasisht}, G. and {Vescelus}, F. and {Wallace}, J.~K. and {Zhai}, C. and {Zimmerman}, N.},
	Booktitle = {Adaptive Optics Systems III},
	Doi = {10.1117/12.926419},
	Eid = {844720},
	Month = jul,
	Pages = {844720},
	Series = {\procspie},
	Title = {{Project 1640: the world's first ExAO coronagraphic hyperspectral imager for comparative planetary science}},
	Volume = 8447,
	Year = 2012,
	Bdsk-Url-1 = {http://dx.doi.org/10.1117/12.926419}}

@article{paatero94,
	Author = {{Paatero}, P. and {Tapper}, U.},
	Doi = {10.1002/env.3170050203},
	Issn = {1099-095X},
	Journal = {Environmetrics},
	Keywords = {Factor analysis, Principal component analysis, Weighted least squares, Alternating regression, Error estimates, Scaling, Repetitive measurements},
	Number = {2},
	Pages = {111--126},
	Publisher = {John Wiley & Sons, Ltd.},
	Title = {Positive matrix factorization: A non-negative factor model with optimal utilization of error estimates of data values},
	Url = {http://dx.doi.org/10.1002/env.3170050203},
	Volume = {5},
	Year = {1994},
	Bdsk-Url-1 = {http://dx.doi.org/10.1002/env.3170050203}}

@article{pinte06,
	Adsnote = {Provided by the SAO/NASA Astrophysics Data System},
	Adsurl = {http://adsabs.harvard.edu/abs/2006A%26A...459..797P},
	Author = {{Pinte}, C. and {M{\'e}nard}, F. and {Duch{\^e}ne}, G. and {Bastien}, P.},
	Doi = {10.1051/0004-6361:20053275},
	Eprint = {astro-ph/0606550},
	Journal = {\aap},
	Keywords = {radiative transfer, stars: circumstellar matter, methods : numerical, polarization, scattering},
	Month = dec,
	Pages = {797-804},
	Title = {{Monte Carlo radiative transfer in protoplanetary disks}},
	Volume = 459,
	Year = 2006,
	Bdsk-Url-1 = {http://dx.doi.org/10.1051/0004-6361:20053275}}

@article{pueyo15,
	Adsnote = {Provided by the SAO/NASA Astrophysics Data System},
	Adsurl = {http://adsabs.harvard.edu/abs/2015ApJ...803...31P},
	Archiveprefix = {arXiv},
	Author = {{Pueyo}, L. and {Soummer}, R. and {Hoffmann}, J. and {Oppenheimer}, R. and {Graham}, J.~R. and {Zimmerman}, N. and {Zhai}, C. and {Wallace}, J.~K. and {Vescelus}, F. and {Veicht}, A. and {Vasisht}, G. and {Truong}, T. and {Sivaramakrishnan}, A. and {Shao}, M. and {Roberts}, Jr., L.~C. and {Roberts}, J.~E. and {Rice}, E. and {Parry}, I.~R. and {Nilsson}, R. and {Lockhart}, T. and {Ligon}, E.~R. and {King}, D. and {Hinkley}, S. and {Hillenbrand}, L. and {Hale}, D. and {Dekany}, R. and {Crepp}, J.~R. and {Cady}, E. and {Burruss}, R. and {Brenner}, D. and {Beichman}, C. and {Baranec}, C.},
	Doi = {10.1088/0004-637X/803/1/31},
	Eid = {31},
	Eprint = {1409.6388},
	Journal = {\apj},
	Keywords = {astrometry, instrumentation: adaptive optics, instrumentation: spectrographs, methods: data analysis, planetary systems, stars: individual: HR 8799},
	Month = apr,
	Pages = {31},
	Primaryclass = {astro-ph.SR},
	Title = {{Reconnaissance of the HR 8799 Exosolar System. II. Astrometry and Orbital Motion}},
	Volume = 803,
	Year = 2015,
	Bdsk-Url-1 = {http://dx.doi.org/10.1088/0004-637X/803/1/31}}

@article{pueyo16,
	Adsnote = {Provided by the SAO/NASA Astrophysics Data System},
	Adsurl = {http://adsabs.harvard.edu/abs/2016ApJ...824..117P},
	Archiveprefix = {arXiv},
	Author = {{Pueyo}, L.},
	Doi = {10.3847/0004-637X/824/2/117},
	Eid = {117},
	Eprint = {1604.06097},
	Journal = {\apj},
	Keywords = {planetary systems, techniques: image processing},
	Month = jun,
	Pages = {117},
	Primaryclass = {astro-ph.IM},
	Title = {{Detection and Characterization of Exoplanets using Projections on Karhunen Loeve Eigenimages: Forward Modeling}},
	Volume = 824,
	Year = 2016,
	Bdsk-Url-1 = {http://dx.doi.org/10.3847/0004-637X/824/2/117}}

@article{ricci15,
	Adsnote = {Provided by the SAO/NASA Astrophysics Data System},
	Adsurl = {http://adsabs.harvard.edu/abs/2015ApJ...798..124R},
	Archiveprefix = {arXiv},
	Author = {{Ricci}, L. and {Carpenter}, J.~M. and {Fu}, B. and {Hughes}, A.~M. and {Corder}, S. and {Isella}, A.},
	Doi = {10.1088/0004-637X/798/2/124},
	Eid = {124},
	Eprint = {1410.8265},
	Journal = {\apj},
	Keywords = {circumstellar matter, planets and satellites: formation, stars: individual: HD 107146, submillimeter: stars},
	Month = jan,
	Pages = {124},
	Primaryclass = {astro-ph.EP},
	Title = {{ALMA Observations of the Debris Disk around the Young Solar Analog HD 107146}},
	Volume = 798,
	Year = 2015,
	Bdsk-Url-1 = {http://dx.doi.org/10.1088/0004-637X/798/2/124}}

@article{schneider14,
	Adsnote = {Provided by the SAO/NASA Astrophysics Data System},
	Adsurl = {http://adsabs.harvard.edu/abs/2014AJ....148...59S},
	Archiveprefix = {arXiv},
	Author = {{Schneider}, G. and {Grady}, C.~A. and {Hines}, D.~C. and {Stark}, C.~C. and {Debes}, J.~H. and {Carson}, J. and {Kuchner}, M.~J. and {Perrin}, M.~D. and {Weinberger}, A.~J. and {Wisniewski}, J.~P. and {Silverstone}, M.~D. and {Jang-Condell}, H. and {Henning}, T. and {Woodgate}, B.~E. and {Serabyn}, E. and {Moro-Martin}, A. and {Tamura}, M. and {Hinz}, P.~M. and {Rodigas}, T.~J.},
	Doi = {10.1088/0004-6256/148/4/59},
	Eid = {59},
	Eprint = {1406.7303},
	Journal = {\aj},
	Keywords = {methods: observational, planet-disk interactions, stars: individual: HD 15115 HD 15745 HD 32297 HD 53143 HD 61005 HD 92945 HD 107146 HD 139664 HD 181327 Au Mic MP Mus},
	Month = oct,
	Pages = {59},
	Primaryclass = {astro-ph.IM},
	Title = {{Probing for Exoplanets Hiding in Dusty Debris Disks: Disk Imaging, Characterization, and Exploration with HST/STIS Multi-roll Coronagraphy}},
	Volume = 148,
	Year = 2014,
	Bdsk-Url-1 = {http://dx.doi.org/10.1088/0004-6256/148/4/59}}

@article{schneider16,
	Adsnote = {Provided by the SAO/NASA Astrophysics Data System},
	Adsurl = {http://adsabs.harvard.edu/abs/2016AJ....152...64S},
	Archiveprefix = {arXiv},
	Author = {{Schneider}, G. and {Grady}, C.~A. and {Stark}, C.~C. and {Gaspar}, A. and {Carson}, J. and {Debes}, J.~H. and {Henning}, T. and {Hines}, D.~C. and {Jang-Condell}, H. and {Kuchner}, M.~J. and {Perrin}, M. and {Rodigas}, T.~J. and {Tamura}, M. and {Wisniewski}, J.~P.},
	Doi = {10.3847/0004-6256/152/3/64},
	Eid = {64},
	Eprint = {1606.00039},
	Journal = {\aj},
	Keywords = {methods: observational, planet{\ndash}disk interactions, stars: individual: HD 207129, HD 202628, HD 202917, stars: solar-type},
	Month = sep,
	Pages = {64},
	Primaryclass = {astro-ph.SR},
	Title = {{Deep HST/STIS Visible-light Imaging of Debris Systems around Solar Analog Hosts}},
	Volume = 152,
	Year = 2016,
	Bdsk-Url-1 = {http://dx.doi.org/10.3847/0004-6256/152/3/64}}

@article{soummer12,
	Adsnote = {Provided by the SAO/NASA Astrophysics Data System},
	Adsurl = {http://adsabs.harvard.edu/abs/2012ApJ...755L..28S},
	Archiveprefix = {arXiv},
	Author = {{Soummer}, R. and {Pueyo}, L. and {Larkin}, J.},
	Doi = {10.1088/2041-8205/755/2/L28},
	Eid = {L28},
	Eprint = {1207.4197},
	Journal = {\apjl},
	Keywords = {methods: data analysis, techniques: image processing},
	Month = aug,
	Pages = {L28},
	Primaryclass = {astro-ph.IM},
	Title = {{Detection and Characterization of Exoplanets and Disks Using Projections on Karhunen-Lo{\`e}ve Eigenimages}},
	Volume = 755,
	Year = 2012,
	Bdsk-Url-1 = {http://dx.doi.org/10.1088/2041-8205/755/2/L28}}

@article{soummer14,
	Adsnote = {Provided by the SAO/NASA Astrophysics Data System},
	Adsurl = {http://adsabs.harvard.edu/abs/2014ApJ...786L..23S},
	Archiveprefix = {arXiv},
	Author = {{Soummer}, R. and {Perrin}, M.~D. and {Pueyo}, L. and {Choquet}, {\'E}. and {Chen}, C. and {Golimowski}, D.~A. and {Brendan Hagan}, J. and {Mittal}, T. and {Moerchen}, M. and {N'Diaye}, M. and {Rajan}, A. and {Wolff}, S. and {Debes}, J. and {Hines}, D.~C. and {Schneider}, G.},
	Doi = {10.1088/2041-8205/786/2/L23},
	Eid = {L23},
	Eprint = {1404.5614},
	Journal = {\apjl},
	Keywords = {stars: individual: HD 30447 HD 35841 HD 141943 HD 191089 HD 202917, techniques: image processing},
	Month = may,
	Pages = {L23},
	Primaryclass = {astro-ph.SR},
	Title = {{Five Debris Disks Newly Revealed in Scattered Light from the Hubble Space Telescope NICMOS Archive}},
	Volume = 786,
	Year = 2014,
	Bdsk-Url-1 = {http://dx.doi.org/10.1088/2041-8205/786/2/L23}}

@article{stark14,
	Adsnote = {Provided by the SAO/NASA Astrophysics Data System},
	Adsurl = {http://adsabs.harvard.edu/abs/2014ApJ...789...58S},
	Archiveprefix = {arXiv},
	Author = {{Stark}, C.~C. and {Schneider}, G. and {Weinberger}, A.~J. and {Debes}, J.~H. and {Grady}, C.~A. and {Jang-Condell}, H. and {Kuchner}, M.~J.},
	Doi = {10.1088/0004-637X/789/1/58},
	Eid = {58},
	Eprint = {1405.7055},
	Journal = {\apj},
	Keywords = {telescopes, methods: numerical, planetary systems},
	Month = jul,
	Pages = {58},
	Primaryclass = {astro-ph.SR},
	Title = {{Revealing Asymmetries in the HD 181327 Debris Disk: A Recent Massive Collision or Interstellar Medium Warping}},
	Volume = 789,
	Year = 2014,
	Bdsk-Url-1 = {http://dx.doi.org/10.1088/0004-637X/789/1/58}}

@inbook{traub10,
	Adsnote = {Provided by the SAO/NASA Astrophysics Data System},
	Adsurl = {http://adsabs.harvard.edu/abs/2010exop.book..111T},
	Author = {{Traub}, W.~A. and {Oppenheimer}, B.~R.},
	Booktitle = {Exoplanets},
	Editor = {{Seager}, S.},
	Month = dec,
	Pages = {111-156},
	Title = {{Direct Imaging of Exoplanets}},
	Year = 2010}

@article{vanLeeuwen07,
	Adsnote = {Provided by the SAO/NASA Astrophysics Data System},
	Adsurl = {http://adsabs.harvard.edu/abs/2007A%26A...474..653V},
	Archiveprefix = {arXiv},
	Author = {{van Leeuwen}, F.},
	Doi = {10.1051/0004-6361:20078357},
	Eprint = {0708.1752},
	Journal = {\aap},
	Keywords = {space vehicles: instruments, methods: data analysis, catalogs, astrometry, instrumentation: miscellaneous},
	Month = nov,
	Pages = {653-664},
	Title = {{Validation of the new Hipparcos reduction}},
	Volume = 474,
	Year = 2007,
	Bdsk-Url-1 = {http://dx.doi.org/10.1051/0004-6361:20078357}}

@article{wahhaj15,
	Adsnote = {Provided by the SAO/NASA Astrophysics Data System},
	Adsurl = {http://adsabs.harvard.edu/abs/2015A%26A...581A..24W},
	Archiveprefix = {arXiv},
	Author = {{Wahhaj}, Z. and {Cieza}, L.~A. and {Mawet}, D. and {Yang}, B. and {Canovas}, H. and {de Boer}, J. and {Casassus}, S. and {M{\'e}nard}, F. and {Schreiber}, M.~R. and {Liu}, M.~C. and {Biller}, B.~A. and {Nielsen}, E.~L. and {Hayward}, T.~L.},
	Doi = {10.1051/0004-6361/201525837},
	Eid = {A24},
	Eprint = {1502.03092},
	Journal = {\aap},
	Keywords = {planets and satellites: detection, instrumentation: adaptive optics, methods: data analysis, techniques: image processing},
	Month = sep,
	Pages = {A24},
	Primaryclass = {astro-ph.EP},
	Title = {{Improving signal-to-noise in the direct imaging of exoplanets and circumstellar disks with MLOCI}},
	Volume = 581,
	Year = 2015,
	Bdsk-Url-1 = {http://dx.doi.org/10.1051/0004-6361/201525837}}

@article{williams04,
	Adsnote = {Provided by the SAO/NASA Astrophysics Data System},
	Adsurl = {http://adsabs.harvard.edu/abs/2004ApJ...604..414W},
	Author = {{Williams}, J.~P. and {Najita}, J. and {Liu}, M.~C. and {Bottinelli}, S. and {Carpenter}, J.~M. and {Hillenbrand}, L.~A. and {Meyer}, M.~R. and {Soderblom}, D.~R.},
	Doi = {10.1086/381721},
	Eprint = {astro-ph/0311583},
	Journal = {\apj},
	Keywords = {Stars: Circumstellar Matter, Stars: Planetary Systems, Stars: Individual: Henry Draper Number: HD 107146},
	Month = mar,
	Pages = {414-419},
	Title = {{Detection of Cool Dust around the G2 V Star HD 107146}},
	Volume = 604,
	Year = 2004,
	Bdsk-Url-1 = {http://dx.doi.org/10.1086/381721}}
	
@ARTICLE{zhu15a,
   author = {{Zhu}, Z.},
    title = "{Accreting Circumplanetary Disks: Observational Signatures}",
  journal = {\apj},
archivePrefix = "arXiv",
   eprint = {1408.6554},
 primaryClass = "astro-ph.EP",
 keywords = {accretion, accretion disks, planetary systems, planets and satellites: formation, protoplanetary disks, radiative transfer, stars: magnetic field, stars: pre-main sequence},
     year = 2015,
    month = jan,
   volume = 799,
      eid = {16},
    pages = {16},
      doi = {10.1088/0004-637X/799/1/16},
   adsurl = {http://adsabs.harvard.edu/abs/2015ApJ...799...16Z},
  adsnote = {Provided by the SAO/NASA Astrophysics Data System}
}

@article{zhu15,
	Adsnote = {Provided by the SAO/NASA Astrophysics Data System},
	Adsurl = {http://adsabs.harvard.edu/abs/2015ApJ...813...88Z},
	Archiveprefix = {arXiv},
	Author = {{Zhu}, Z. and {Dong}, R. and {Stone}, J.~M. and {Rafikov}, R.~R.},
	Doi = {10.1088/0004-637X/813/2/88},
	Eid = {88},
	Eprint = {1507.03599},
	Journal = {\apj},
	Keywords = {accretion, accretion disks, planet{\ndash}disk interactions, protoplanetary disks, stars: protostars},
	Month = nov,
	Pages = {88},
	Primaryclass = {astro-ph.SR},
	Title = {{The Structure of Spiral Shocks Excited by Planetary-mass Companions}},
	Volume = 813,
	Year = 2015,
	Bdsk-Url-1 = {http://dx.doi.org/10.1088/0004-637X/813/2/88}}

@article{zhu16,
	Adsnote = {Provided by the SAO/NASA Astrophysics Data System},
	Adsurl = {http://adsabs.harvard.edu/abs/2016arXiv161206037Z},
	Archiveprefix = {arXiv},
	Author = {{Zhu}, G.},
	Eprint = {1612.06037},
	Journal = {ArXiv e-prints},
	Keywords = {Astrophysics - Instrumentation and Methods for Astrophysics},
	Month = dec,
	Primaryclass = {astro-ph.IM},
	Title = {{Nonnegative Matrix Factorization (NMF) with Heteroscedastic Uncertainties and Missing data}},
	Year = 2016}
