%% start of file `publications.bib'.
%% Copyright 2006-2012 Xavier Danaux (xdanaux at gmail.com).
%
% This work may be distributed and/or modified under the
% conditions of the LaTeX Project Public License version 1.3c,
% available at http://www.latex-project.org/lppl/.

@ARTICLE{ren14,
   author = {{\textbf{Ren}}, \textbf{B.} and {Fang}, T. and {Buote}, D.~A.},
    title = "{X-Ray Absorption by the Warm-hot Intergalactic Medium in the Hercules Supercluster}",
  journal = {\apjl},
archivePrefix = "arXiv",
   eprint = {1401.2221},
 keywords = {BL Lacertae objects: individual: Markarian 501, cosmology: observations, diffuse radiation, X-rays: diffuse background, X-rays: galaxies: clusters},
     year = 2014,
    month = feb,
   volume = 782,
      eid = {L6},
    pages = {L6},
      doi = {10.1088/2041-8205/782/1/L6},
   adsurl = {http://adsabs.harvard.edu/abs/2014ApJ...782L...6R},
  adsnote = {Provided by the SAO/NASA Astrophysics Data System}
}

@INPROCEEDINGS{ren17,
   author = {{\textbf{Ren}}, \textbf{B.} and {Pueyo}, L. and {Perrin}, M.~D. and {Debes}, J.~H. and 
	{Choquet}, {\'E}.},
    title = "{Post-processing of the HST STIS coronagraphic observations}",
booktitle = {Society of Photo-Optical Instrumentation Engineers (SPIE) Conference Series},
     year = 2017,
   series = {Society of Photo-Optical Instrumentation Engineers (SPIE) Conference Series},
   volume = 10400,
archivePrefix = "arXiv",
   eprint = {1709.10125},
 primaryClass = "astro-ph.IM",
    month = sep,
      eid = {1040021},
    pages = {1040021},
      doi = {10.1117/12.2274163},
   adsurl = {http://adsabs.harvard.edu/abs/2017SPIE10400E..21R},
  adsnote = {Provided by the SAO/NASA Astrophysics Data System}
}


@ARTICLE{ren18a,
   author = {{\textbf{Ren}}, \textbf{B.} and {Pueyo}, L. and {Zhu}, G.~B. and {Debes}, J. and 
	{Duch{\^e}ne}, G.},
    title = "{Non-negative Matrix Factorization: Robust Extraction of Extended Structures}",
  journal = {\apj},
archivePrefix = "arXiv",
   eprint = {1712.10317},
 primaryClass = "astro-ph.IM",
 keywords = {protoplanetary disks, stars: imaging, stars: individual: HD 181327, techniques: image processing},
     year = 2018,
    month = jan,
   volume = 852,
      eid = {104},
    pages = {104},
      doi = {10.3847/1538-4357/aaa1f2},
   adsurl = {http://adsabs.harvard.edu/abs/2018ApJ...852..104R},
  adsnote = {Provided by the SAO/NASA Astrophysics Data System}
}

@ARTICLE{ren18b,
   author = {{\textbf{Ren}}, \textbf{B.} and {Dong}, R. and {Esposito}, T.~M. and {Pueyo}, L. and 
	{Debes}, J.~H. and {Poteet}, C.~A. and {Choquet}, {\'E}. and 
	{Benisty}, M. and {Chiang}, E. and {Grady}, C.~A. and {Hines}, D.~C. and 
	{Schneider}, G. and {Soummer}, R.},
    title = "{A Decade of MWC 758 Disk Images: Where Are the Spiral-arm-driving Planets?}",
  journal = {\apjl},
archivePrefix = "arXiv",
   eprint = {1803.06776},
 primaryClass = "astro-ph.EP",
 keywords = {protoplanetary disks, stars: imaging, stars: individual: MWC 758},
     year = 2018,
    month = apr,
   volume = 857,
      eid = {L9},
    pages = {L9},
      doi = {10.3847/2041-8213/aab7f5},
   adsurl = {http://adsabs.harvard.edu/abs/2018ApJ...857L...9R},
  adsnote = {Provided by the SAO/NASA Astrophysics Data System}
}

@ARTICLE{choquet18,
   author = {{Choquet}, {\'E}. and {Bryden}, G. and {Perrin}, M.~D. and {Soummer}, R. and 
	{Augereau}, J.-C. and {Chen}, C.~H. and {Debes}, J.~H. and {Gofas-Salas}, E. and 
	{Hagan}, J.~B. and {Hines}, D.~C. and {Mawet}, D. and {Morales}, F. and 
	{Pueyo}, L. and {Rajan}, A. and {\textbf{Ren}}, \textbf{B.} and {Schneider}, G. and 
	{Stark}, C.~C. and {Wolff}, S.},
    title = "{HD 104860 and HD 192758: Two Debris Disks Newly Imaged in Scattered Light with the Hubble Space Telescope}",
  journal = {\apj},
archivePrefix = "arXiv",
   eprint = {1801.05424},
 primaryClass = "astro-ph.EP",
 keywords = {circumstellar matter, stars: individual: HD 104860, HD 192758, techniques: image processing},
     year = 2018,
    month = feb,
   volume = 854,
      eid = {53},
    pages = {53},
      doi = {10.3847/1538-4357/aaa892},
   adsurl = {http://adsabs.harvard.edu/abs/2018ApJ...854...53C},
  adsnote = {Provided by the SAO/NASA Astrophysics Data System}
}

@ARTICLE{esposito18,
   author = {{Esposito}, T.~M. and {Duch{\^e}ne}, G. and {Kalas}, P. and 
	{Rice}, M. and {Choquet}, {\'E}. and {\textbf{Ren}}, \textbf{B.} and {Perrin}, M.~D. and 
	{Chen}, C.~H. and {Arriaga}, P. and {Chiang}, E. and {Nielsen}, E.~L. and 
	{Graham}, J.~R. and {Wang}, J.~J. and {De Rosa}, R.~J. and {Follette}, K.~B. and 
	{Ammons}, S.~M. and {Ansdell}, M. and {Bailey}, V.~P. and {Barman}, T. and 
	{Sebasti{\'a}n Bruzzone}, J. and {Bulger}, J. and {Chilcote}, J. and 
	{Cotten}, T. and {Doyon}, R. and {Fitzgerald}, M.~P. and {Goodsell}, S.~J. and 
	{Greenbaum}, A.~Z. and {Hibon}, P. and {Hung}, L.-W. and {Ingraham}, P. and 
	{Konopacky}, Q. and {Larkin}, J.~E. and {Macintosh}, B. and 
	{Maire}, J. and {Marchis}, F. and {Marois}, C. and {Mazoyer}, J. and 
	{Metchev}, S. and {Millar-Blanchaer}, M.~A. and {Oppenheimer}, R. and 
	{Palmer}, D. and {Patience}, J. and {Poyneer}, L. and {Pueyo}, L. and 
	{Rajan}, A. and {Rameau}, J. and {Rantakyr{\"o}}, F.~T. and 
	{Ryan}, D. and {Savransky}, D. and {Schneider}, A.~C. and {Sivaramakrishnan}, A. and 
	{Song}, I. and {Soummer}, R. and {Thomas}, S. and {Wallace}, J.~K. and 
	{Ward-Duong}, K. and {Wiktorowicz}, S. and {Wolff}, S.},
    title = "{Direct Imaging of the HD 35841 Debris Disk: A Polarized Dust Ring from Gemini Planet Imager and an Outer Halo from HST/STIS}",
  journal = {\aj},
archivePrefix = "arXiv",
   eprint = {1806.02904},
 primaryClass = "astro-ph.EP",
 keywords = {circumstellar matter, infrared: planetary systems, stars: individual: HD 35841, techniques: high angular resolution},
     year = 2018,
    month = aug,
   volume = 156,
      eid = {47},
    pages = {47},
      doi = {10.3847/1538-3881/aacbc9},
   adsurl = {http://adsabs.harvard.edu/abs/2018AJ....156...47E},
  adsnote = {Provided by the SAO/NASA Astrophysics Data System}
}

@ARTICLE{mo14,
   author = {{Mo}, Y. and {\textbf{Ren}}, \textbf{B.} and {Yang}, W. and {Shuai}, J.},
    title = "{The 3-dimensional cellular automata for HIV infection}",
  journal = {Physica A Statistical Mechanics and its Applications},
     year = 2014,
    month = apr,
   volume = 399,
    pages = {31-39},
      doi = {10.1016/j.physa.2013.12.018},
   adsurl = {http://adsabs.harvard.edu/abs/2014PhyA..399...31M},
  adsnote = {Provided by the SAO/NASA Astrophysics Data System}
}



%% end of file `publications.bib'.
